2790 4930
89 217 280 271 Romanorum
300 216 433 271 sermonis
453 218 601 271 castrensis
620 216 757 285 reliquiae
776 217 910 271 collectae
929 219 958 271 et
976 216 1142 271 illustratae.
1181 217 1244 280 367

71 406 113 445 or.
138 385 181 442 IX
202 387 229 443 9.
258 386 307 444 31.
340 385 472 444 mattarii
499 385 667 444 Honoriani
699 384 846 444 Gallicani
875 404 932 445 occ.
960 384 1020 442 VH
1049 386 1111 460 523
1140 384 1247 461 quibus

71 475 218 534 accedunt
235 472 332 533 dmm.
351 475 441 533 Marc.
463 475 653 549 21,13,16:
676 469 751 534 ‘Iter
768 492 855 533 66616
868 477 989 548 praeire
1008 493 1073 532 cam
1091 476 1247 533 1666661116

72 567 100 624 61
117 564 276 622 mariotae
290 566 317 622 ct
329 565 451 622 catervis
466 557 845 638 666111666616666611,
860 562 898 621 ib.
916 564 966 638 31,
984 564 1033 637 13,
1049 565 1139 622 8161
1154 565 1247 622 16666-

72 654 155 712 arios
173 638 303 726 66616611
320 656 347 710 et
363 655 527 712 mattarios
545 644 727 733 (6616161166
745 643 831 732 cod).
878 652 941 711 Zos.
966 652 1012 709 HI
1032 654 1087 726 22,
1112 655 1145 710 2:
1168 647 1247 725 ἦεαν

72 739 110 801 δὲ
141 735 230 801 οὗτοι
261 740 345 816 τρεῖ(
375 737 467 815 λόχοι
498 734 675 816 ματτιάριοι
700 737 751 800 καὶ
777 734 954 814 λαγκιάριοι
982 735 1172 818 (λακκιάριοι
1200 742 1247 800 161

73 823 269 905 λακκινάριοι
294 822 391 911 codd.)
420 826 470 889 καὶ
499 821 663 912 βὶκτορεε).
708 831 842 889 Matiani
870 831 917 889 161
944 829 1104 904 1661116111,
1137 833 1249 905 61661

74 920 247 996 analogiam
265 919 423 978 verborum
440 920 582 978 lancearii
600 918 760 978 ballistarii
779 937 830 978 scu
845 919 902 976 arii
920 919 1058 996 colligere
1077 919 1156 991 11661,
1180 918 1248 976 inde

75 1008 224 1083 appellati
242 1009 321 1082 sunt,
340 1007 419 1083 quod
436 1009 515 1081 16116,
535 1024 610 1083 quae
626 999 779 1089 mat(t)iae
794 1011 846 1066 aut
859 998 996 1088 mat(t)ia
1010 1007 1248 1081 nominabantur,

73 1097 258 1174 pugnabant.
304 1089 503 1178 Mat(t)iarios
532 1099 631 1156 autem
656 1100 686 1156 61
709 1095 970 1171 mattiobarbulos,
997 1097 1077 1172 quod
1099 1096 1172 1154 item
1193 1097 1248 1154 mi-

74 1186 166 1245 litum
194 1188 327 1261 ipsorum
352 1187 444 1245 fuisse
470 1205 578 1244 nomen
603 1186 745 1264 Vegetius
770 1184 857 1245 testis
886 1187 943 1259 661,
971 1185 1088 1244 eosdem
1115 1204 1191 1259 6666,
1219 1187 1250 1244 61

74 1276 199 1350 6166161
216 1275 329 1333 formae
347 1294 487 1352 magnam
506 1274 740 1350 similitudinem,
758 1294 845 1351 quae,
864 1292 930 1333 cum
948 1274 1054 1334 iisdem
1073 1277 1153 1333 66116
1175 1277 1248 1333 1661-

74 1362 200 1439 poribus
217 1364 251 1420 hi
268 1364 373 1439 illique
396 1364 520 1439 fuerint,
542 1363 622 1423 haud
646 1366 732 1440 parvi
753 1364 897 1423 momenti
920 1383 955 1422 ac
977 1363 1116 1440 ponderis
1139 1365 1195 1434 661,
1220 1366 1250 1422 61

76 1454 150 1528 quia
168 1454 287 1527 utrique
313 1452 443 1512 eiusdem
464 1455 534 1511 sunt
559 1455 736 1527 armaturae,
761 1472 816 1529 pro
842 1455 922 1512 certo
947 1455 1131 1528 compertum
1155 1452 1248 1511 credo.

75 1542 157 1599 Nam
175 1541 242 1600 illos
262 1532 326 1621 (sol.
336 1534 520 1623 mattiarios)
538 1541 649 1600 milites
664 1542 738 1601 levis
752 1543 842 1601 1111666
857 1543 1025 1600 armaturae
1040 1560 1075 1599 ex
1089 1541 1185 1599 Amin.
1199 1543 1250 1614 21,

79 1631 135 1705 13,
160 1630 200 1688 16
230 1630 402 1690 concludere
430 1648 547 1690 6666666
575 1633 633 1705 661,
660 1631 713 1690 hos
740 1633 839 1690 autern
862 1630 1005 1707 Vegetius
1024 1630 1043 1688 1.
1062 1631 1080 1688 l.
1102 1632 1131 1704 3,
1152 1632 1192 1688 14
1213 1630 1250 1687 ad

76 1719 201 1779 verbum
219 1720 251 1776 in
269 1737 390 1778 numero
409 1719 483 1779 levis
503 1720 671 1778 armaturae
690 1719 779 1778 ducit.
816 1719 922 1794 Itaque
940 1737 999 1777 non
1016 1721 1128 1777 temere
1147 1719 1250 1779 collec-

76 1810 143 1867 tum
163 1825 225 1866 6666
243 1807 317 1865 mibi
335 1808 454 1867 videtur
471 1799 667 1889 mat(t)iarios
692 1809 783 1867 fuisse
805 1827 912 1867 nomen
934 1808 1052 1883 publice
1075 1809 1252 1883 usurpatum

77 1896 117 1954 ad
150 1914 242 1972 genus
275 1893 423 1971 quoddam
455 1896 645 1955 auxiliarium
671 1897 865 1956 barbarorum
892 1896 1119 1975 significandum
1146 1889 1251 1978 (etiam

78 1985 138 2043 not.
159 2003 217 2043 occ.
236 1984 296 2042 VII
315 1986 366 2059 52,
384 1987 457 2044 item
475 1987 504 2043 V
524 1987 739 2045 220Matiarii
761 1986 928 2045 Honoriani
950 1984 1098 2045 Gallicani
1118 1987 1150 2043 in
1169 1986 1250 2044 6611-

78 2074 129 2132 liis
147 2073 296 2131 habentur
313 2066 484 2155 palatinis),
509 2075 809 2134 mattiobarbulorum
832 2078 932 2134 autern
955 2076 1182 2153 cognomentum
1205 2093 1251 2134 ca-

79 2163 189 2221 strensi
216 2181 284 2236 usu,
313 2182 347 2222 61
369 2163 497 2222 telorum
524 2164 739 2242 significatione
763 2164 956 2238 translatum,
980 2184 997 2222 a
1019 2164 1165 2223 militibus
1189 2183 1251 2222 esse
1298 2189 1301 2194 ·

79 2252 121 2309 616
147 2250 283 2309 inditum.
320 2252 487 2311 Posteriora
511 2255 608 2312 aetate
631 2272 698 2312 cum
720 2253 840 2312 barbari
863 2254 973 2312 milites
996 2253 1028 2311 in
1050 2253 1252 2312 Romanorum

80 2339 185 2398 6661116
199 2342 294 2417 magis
308 2342 462 2418 magisque
476 2342 611 2401 valerent
624 2344 802 2401 auctoritate
817 2345 847 2402 et
860 2361 990 2417 numero,
1010 2361 1044 2400 61
1058 2343 1119 2402 illis
1135 2342 1252 2400 auxiliis

81 2430 174 2487 etiam
196 2428 327 2505 legiones
351 2432 532 2507 compositae
560 2434 629 2490 sunt
654 2423 703 2512 (cf.
727 2434 787 2491 not.
812 2433 969 2491 611147.
998 2431 1042 2489 VI
1061 2434 1111 2490 42.
1140 2431 1183 2488 ΙΧ
1203 2431 1253 2488 31.

80 2535 139 2576 occ.
158 2517 187 2573 V
207 2509 294 2597 232).
339 2519 404 2578 Hoc
422 2520 454 2576 in
473 2538 579 2597 genere
599 2523 669 2579 sunt
683 2521 775 2580 etiarn
788 2521 859 2580 11166
873 2522 1004 2598 legiones
1018 2521 1165 2596 Illyricae,
1180 2537 1254 2594 quas

80 2606 224 2682 Vegetius
243 2606 262 2662 1.
282 2607 301 2663 1.
321 2607 453 2682 prodidit
472 2626 490 2666 a
508 2607 695 2667 Diocletiano
715 2613 910 2686 cognomenta
927 2609 1118 2669 Iovianorum
1137 2611 1168 2668 et
1181 2609 1255 2688 Her7

80 2692 266 2753 culianorum
285 2695 440 2770 accepisse.
487 2697 619 2755 Fuerunt
639 2700 747 2771 autem,
765 2701 800 2756 ut
817 2698 981 2757 Mommsen
999 2698 1099 2757 Herm.
1121 2700 1172 2773 24,
1193 2699 1255 2757 203

82 2783 149 2840 adn.
171 2785 188 2840 1
210 2785 343 2857 coniecit,
360 2787 458 2861 prima
476 2782 561 2843 Iovia
580 2787 609 2844 61
624 2785 752 2844 secunda
765 2787 906 2845 Herculia
920 2786 952 2845 in
967 2786 1089 2862 Scythia
1102 2788 1257 2863 provincia

81 2871 242 2930 collocatae
272 2864 352 2951 (not.
377 2893 417 2932 or.
436 2874 562 2931 XXXIX
592 2866 764 2955 29—35).
828 2876 908 2934 Fieri
938 2872 1052 2952 661661,
1084 2878 1118 2935 61
1150 2876 1256 2951 quinta

80 2959 167 3018 Iovia
185 2963 215 3018 61
233 2962 317 3019 66116
334 2961 475 3022 Η6166116
493 2963 618 3037 fuerint,
641 2964 673 3021 in
691 2964 847 3022 Pannonia
865 2964 902 3022 II.
922 2965 1083 3039 dispositae
1103 2957 1177 3045 (not.
1197 2983 1255 3024 occ.

80 3048 195 3105 XXXII
215 3042 370 3130 44—48).
390 3051 605 3111 ——Postremo
624 3052 699 3110 illud
718 3045 877 3135 *mat(t)ia
895 3054 943 3111 161
962 3045 1151 3134 *mat(t)ium
1170 3073 1256 3112 voca·

82 3136 194 3210 bulum,
213 3157 302 3213 quam
321 3138 482 3215 genuinam
500 3141 590 3200 161666
609 3138 856 3218 significationem
873 3142 928 3201 teli
943 3142 1087 3216 existimo,
1106 3162 1140 3201 61
1155 3142 1258 3201 eadem

81 3226 175 3301 stirpe
194 3227 352 3285 oriundum
370 3229 487 3286 videtur
510 3249 569 3304 qua
587 3231 711 3290 mataris
734 3232 753 3288 i.
773 3251 796 3290 e.
817 3251 851 3291 61
869 3231 959 3290 verbo
982 3230 1099 3304 *mato,
1124 3231 1202 3305 quod
1225 3232 1256 3288 in

81 3313 235 3372 Celtarum
258 3315 362 3393 lingua
385 3317 573 3394 significabat
596 3314 715 3378 ‘iacere'
739 3311 789 3398 (of.
808 3321 855 3378 W.
876 3319 981 3380 Stolres
1001 3318 1114 3378 Urkelt.
1132 3319 1256 3395 Sprach-

83 3402 183 3473 schata
202 3423 231 3477 p.
252 3396 341 3485 200).
361 3437 402 3445 -
421 3406 650 3466 Martiobarbuli
668 3409 764 3466 forma
787 3412 818 3466 in
842 3408 1019 3485 quibusdam
1036 3409 1155 3487 Vegetii
1174 3409 1255 3467 codd.

82 3491 195 3565 scripta
218 3493 318 3549 611661
340 3495 401 3551 iam
428 3515 445 3552 a
470 3494 615 3554 militibus
642 3495 776 3554 adbibita
798 3499 838 3554 sit
862 3518 900 3554 an
917 3497 1106 3555 librariorum
1125 3499 1200 3556 11116
1218 3500 1256 3555 ir·

80 3580 216 3654 repserit,
234 3581 410 3641 lectionibus
429 3583 548 3642 traditis
569 3586 704 3643 accurate
723 3585 911 3660 computatis,
929 3604 984 3660 pro
1003 3588 1083 3644 certo
1100 3585 1258 3644 diiudicari

80 3686 142 3727 non
161 3670 268 3742 potest.

174 3758 223 3815 10.
249 3756 286 3814 ad
304 3758 377 3835 Veg.
400 3762 428 3833 1,
448 3763 502 3820 20:
522 3755 639 3822 herba:
658 3762 724 3821 Hoc
743 3763 919 3822 vocabulum
939 3782 997 3822 uno
1012 3763 1177 3840 Vegetiano
1191 3764 1256 3822 loco

81 3848 233 3904 servatum
253 3865 286 3904 6ο
305 3849 425 3921 1666161,
445 3849 524 3923 quod
542 3869 608 3908 cum
625 3870 678 3925 per
696 3851 838 3911 barbaros
856 3853 889 3910 in
907 3853 1108 3912 Romanorum
1127 3853 1257 3910 exercitu

84 3934 250 3992 militantes
278 3937 455 3994 translatum
486 3940 538 4011 sit,
566 3959 633 3998 1616
661 3943 809 4000 666116666
836 3941 1001 4000 vocandum
1029 3943 1080 3999 661.
1127 3941 1256 4015 Etymon

81 4016 197 4081 ‘bebra'
216 4024 328 4082 formae
345 4024 475 4084 traditae
495 4026 590 4085 adhuc
609 4027 765 4088 obscurum
783 4030 849 4088 fuit.
884 4028 941 4088 Sed
964 4031 1028 4087 1616
1052 4029 1104 4087 illo
1129 4030 1193 4088 loco
1213 4030 1257 4087 di-

81 4112 210 4187 ligenter
239 4115 379 4187 reputato
408 4114 440 4171 id
467 4116 587 4190 quidem
618 4118 752 4175 concludi
782 4120 880 4193 potest
904 4118 958 4175 illa
982 4118 1122 4191 missilia,
1150 4118 1257 4193 quibus

80 4199 202 4258 barbari
220 4201 333 4275 pedites
353 4204 463 4261 scutati
481 4204 655 4278 utebantur,
674 4224 736 4264 6666
755 4224 847 4282 genus
866 4206 1016 4280 quoddam
1033 4205 1185 4265 hastarum
1210 4208 1257 4265 161

80 4291 261 4346 1616161616.
293 4288 366 4350 Cum
385 4294 485 4350 autem
504 4293 658 4352 barbarica
678 4295 718 4353 sit
740 4314 806 4367 161,
829 4294 892 4352 1611
915 4295 1102 4353 simillimum
1125 4298 1170 4354 661
1192 4315 1257 4353 eam

81 4394 209 4453 quoquc,
227 4380 262 4437 61
280 4381 435 4456 plerasque
455 4383 529 4441 61166
548 4385 718 4460 peregrinas
742 4384 884 4442 sermonis
910 4384 1062 4459 militaris,
1086 4404 1120 4442 61
1145 4382 1257 4443 Celtica
