2790 4930
149 157 215 221 364
323 188 325 192 -
630 154 653 207 J.
676 154 706 207 a.
726 154 841 222 nempe

150 330 194 384 tes
223 328 339 401 stipites
368 324 453 401 quasi
483 324 630 382 antherae
647 322 822 382 eminebant.
874 323 1064 381 Rationem
1091 324 1191 380 autem
1214 325 1339 398 ipsam

149 416 237 474 huius
268 417 443 473 munitionis
472 433 531 472 non
563 432 672 471 novam
703 413 793 471 fuisse
821 415 853 469 in
881 415 945 470 arte
974 412 1176 470 Romanorum
1203 413 1340 470 militari

150 490 217 563 loco
234 503 321 562 Pauli
340 522 375 561 61
393 503 482 562 Festo
501 504 620 578 sumpte
638 522 666 578 p.
680 503 721 559 44
737 503 775 559 M.
797 502 905 560 elucet:
931 500 1056 559 Caecum
1078 502 1189 559 uotiua
1211 502 1338 569 dicitur,

150 596 182 651 iu
205 610 260 665 quc
278 595 433 666 praeacuti
459 593 524 668 pali
552 595 646 649 terrae
669 592 756 663 affici
778 591 874 648 barbis
897 592 942 648 aci
964 590 1119 661 fraudibus
1141 591 1339 660 occulendum·

152 681 256 739 deinde
280 682 372 740 simili
400 700 486 757 opere
515 680 672 755 Pompeius
700 677 920 737 eBrundisino
943 681 1032 754 portu
1059 696 1149 737 naves
1178 679 1338 737 soluturus

153 769 286 829 Caesaris
315 770 415 851 copias
443 770 612 847 ingruentes
642 768 773 843 arcebat,
797 768 832 827 61.
853 766 934 827 Caes.
953 768 981 826 b.
1002 787 1025 826 c.
1047 771 1079 841 1,
1100 771 1155 841 27,
1174 769 1208 825 4:
1231 769 1339 840 fossas

153 864 336 918 irausccrsas
359 861 415 917 riis
434 859 590 932 praeducit
612 862 697 931 atquc
719 859 760 917 ibi
783 859 869 916 sudes
897 858 1062 931 stipitesque
1085 858 1266 930 praeacutos
1286 859 1337 915 cie-

151 951 231 1022 fictu·
258 949 328 1006 hacc
351 949 461 1006 lacibus
485 949 612 1006 cratibus
641 951 774 1020 terraque
805 948 952 1020 iuacquat.
1009 945 1066 1004 Sed
1091 946 1223 1004 forma
1247 947 1337 1006 illius

152 1037 328 1095 munitionis
360 1040 427 1094 tum
455 1057 473 1094 a
502 1035 686 1095 Caesarianis
715 1037 882 1094 exstructae
910 1054 987 1093 nova
1020 1053 1053 1092 66
1082 1032 1242 1111 singularis
1273 1036 1338 1093 fuit

152 1126 278 1201 ideoque
297 1145 373 1184 novo
393 1125 511 1184 nomine
531 1145 549 1182 a
568 1126 712 1203 gregariis
732 1125 878 1183 instructa
897 1126 1006 1182 661-
1021 1124 1185 1181 Tertium
1204 1143 1337 1206 nomen

152 1215 239 1272 facile
268 1214 434 1289 explicatur
463 1234 497 1273 61
521 1213 730 1295 similitudine,
756 1225 831 1289 quae
853 1213 1012 1278 intercedit
1038 1213 1118 1271 inter
1139 1212 1218 1272 illas·
1234 1214 1336 1271 taleas

151 1304 288 1362 hamatas
317 1306 347 1361 et
370 1303 516 1378 scipiones
543 1303 677 1360 iumenta
704 1303 885 1380 regentium,
912 1303 986 1361 item
1013 1302 1110 1360 ferrea
1137 1301 1258 1377 cuspide
1289 1303 1336 1359 in-

152 1394 287 1451 structos.
341 1391 483 1466 Proprius
518 1395 618 1451 autem
649 1392 793 1450 terminus
826 1410 927 1449 earum
959 1392 1106 1450 talearum
1138 1391 1197 1449 fuit
1230 1385 1336 1449 ‘stilus

154 1474 268 1539 caecus'
289 1472 339 1563 (61.
354 1472 472 1561 161166).

242 1571 270 1627 4.
295 1570 332 1628 ad
346 1570 373 1628 b.
393 1570 478 1646 Hisp.
495 1571 523 1644 5,
541 1572 574 1627 3:
594 1564 812 1631 ‘bracehium'
831 1589 932 1629 vocem
951 1570 1094 1629 castrensi
1114 1586 1176 1627 6666
1195 1587 1336 1628 sermone

95 1717 96 1720 ,
151 1660 183 1715 11
206 1659 405 1717 munitionum
430 1677 524 1736 genus
549 1658 698 1733 quoddam
720 1661 912 1732 translatam,
940 1659 1011 1733 quia
1031 1649 1223 1717 Caesaream
1241 1659 1336 1732 11161,

152 1748 235 1805 16116
255 1749 355 1805 autem
373 1748 455 1806 illius
470 1749 554 1806 16161
570 1766 629 1806 non
643 1766 763 1822 prorsus
778 1748 864 1822 desit,
882 1747 1046 1806 rectissime
1059 1746 1174 1804 iudicat
1186 1745 1334 1804 Albrech·

152 1837 201 1895 tus
219 1835 348 1894 Koehler
367 1840 421 1894 661.
442 1855 512 1896 sem.
530 1837 634 1911 philol.
654 1837 740 1895 11111
759 1857 787 1913 p.
803 1839 882 1910 469,
904 1836 1081 1911 praesertim
1105 1835 1222 1894 collatis
1247 1833 1334 1894 ans.

151 1926 179 1983 b.
195 1922 228 1982 G.
246 1926 274 1999 3,
290 1926 341 1999 66,
361 1927 379 1982 6
400 1928 430 1983 61
448 1925 475 1983 b.
491 1925 575 1999 Hisp.
595 1926 624 2000 5,
644 1927 672 1983 3.
715 1925 870 2002 Significat
894 1928 994 1984 autem
1016 1925 1212 1983 munitionem
1236 1944 1335 2005 quan-

153 2013 235 2086 dam,
254 2032 331 2087 quae
352 2013 388 2070 ab
409 2014 508 2088 aliquo
527 2014 592 2072 loco
612 2017 765 2091 occupato,
789 2018 824 2073 61
845 2005 1027 2072 bracchium
1039 2014 1075 2070 de
1095 2032 1215 2089 corpore
1234 2015 1335 2089 porri·

152 2103 244 2178 gitur,
264 2102 302 2159 ad
317 2103 409 2160 alium
423 2102 554 2160 nondum
569 2104 745 2176 occupatum
765 2107 854 2179 atque
873 2104 921 2161 161
941 2103 1160 2163 circumiectam
1177 2103 1336 2179 regionem

154 2191 355 2249 dominantem
378 2192 426 2250 161
450 2192 596 2267 spatium,
619 2192 700 2249 intra
724 2192 802 2267 quod
824 2192 905 2251 hosti
927 2192 1079 2251 decurrere
1103 2190 1205 2266 liceat,
1227 2194 1335 2250 termi-

153 2283 272 2338 nantem
299 2283 505 2355 promovetur‚
530 2280 565 2338 ut
587 2281 713 2355 utroque
736 2282 837 2340 iuncto
861 2281 912 2339 ille
936 2281 1056 2356 quidem
1079 2280 1117 2338 ad
1138 2281 1334 2356 progredien-

154 2369 223 2429 dum
248 2368 437 2444 impediatur.
484 2369 573 2443 Apud
596 2368 716 2427 Livium
739 2389 809 2429 vero
835 2362 884 2450 (cf.
901 2372 984 2444 4,9,
1001 2371 1049 2428 14.
1075 2371 1130 2444 22,
1152 2369 1208 2443 52,
1230 2372 1258 2427 1.
1281 2372 1336 2443 31,

156 2459 206 2532 26,
222 2458 250 2515 8.
276 2458 327 2532 44,
344 2458 394 2532 35,
411 2458 461 2516 23.
487 2458 538 2532 38,
554 2458 583 2531 6,
604 2449 647 2537 8.)
671 2460 701 2516 61
725 2450 804 2534 apud
828 2462 963 2535 posteros
990 2458 1051 2516 iam
1076 2460 1159 2516 ratus
1184 2458 1335 2516 terminus

153 2547 251 2605 factus
271 2548 329 2620 est3
353 2549 456 2604 contra
476 2544 584 2604 Caesar
602 2546 665 2622 ipse
680 2541 865 2606 ‘munitio'
884 2546 974 2606 verbo
988 2547 1036 2605 161
1055 2541 1206 2604 ‘murus'
1225 2548 1337 2621 utitur,

153 2634 185 2691 id
213 2635 291 2709 quod
317 2637 397 2694 recte
425 2635 549 2694 adnotat
575 2635 711 2694 Wolfflin
737 2636 825 2696 Arch.
845 2635 888 2695 XI
906 2656 934 2710 p.
956 2637 1011 2710 60,
1040 2636 1090 2711 qui
1121 2636 1184 2709 ipse
1213 2655 1336 2711 quoque

154 2718 346 2782 ‘bracchium’
367 2725 509 2783 castrensi
527 2726 656 2783 sermoni
675 2725 814 2784 attribuit
837 2729 867 2783 et
890 2744 949 2783 non
976 2725 1076 2800 inepte
1096 2723 1240 2783 Graecum
1266 2721 1335 2784 (κέ-

153 2811 192 2885 ln
212 2807 316 2886 μακρά
338 2816 491 2889 comparat
510 2809 578 2890 (hac
602 2814 638 2872 de
663 2833 694 2871 re
719 2815 754 2872 cf.
774 2814 838 2873 Liv.
855 2815 909 2888 31,
927 2815 982 2888 26,
1002 2815 1036 2871 8:
1059 2814 1109 2886 qaru'
1133 2806 1196 2893 (scl.
1211 2806 1336 2895 murus)

154 2902 296 2960 bracchiis
315 2902 427 2960 duobus
444 2903 585 2962 Piraeum
608 2900 731 2962 Aiicuis
753 2894 871 2983 irrupit).

244 2991 271 3048 5.
297 2986 695 3071 adVeg.4,10blll¹glls:
722 2990 765 3050 of.
790 2983 894 3050 Ettore
919 2990 950 3049 di
968 2991 1134 3069 Ruggiero:
1157 2990 1337 3050 Diaionario

154 3078 245 3155 epigr.
265 3079 325 3155 lp.
348 3081 441 3139 1053.
485 3080 597 3157 Kluge:
622 3079 781 3138 Grundriss
806 3079 832 3137 d.
859 3077 995 3138 German.
1020 3079 1126 3139 Philol.
1151 3071 1185 3136 1²
1206 3100 1234 3155 p.
1258 3082 1337 3139 329.

154 3166 245 3225 Seeck
265 3168 345 3243 apud
358 3168 629 3244 Pauly-Wissowa:
652 3168 954 3244 Realencyclopaedie
968 3168 1015 3227 Π]
1028 3189 1056 3244 p.
1074 3169 1167 3228 1066.
1186 3168 1337 3245 Assump-

153 3259 218 3313 tum
243 3259 288 3315 661
312 3257 368 3316 hoc
392 3257 515 3316 verbum
541 3277 558 3313 a
577 3253 732 3316 Germanis
757 3277 811 3332 per
828 3257 940 3318 milites
958 3258 1107 3316 Romanos
1131 3257 1170 3315 ad
1194 3257 1337 3316 Rhenum

154 3344 313 3420 dispositos
332 3347 419 3404 initio
439 3344 559 3403 secundi
579 3345 689 3403 saeculi
712 3365 740 3421 p.
762 3344 827 3405 (ihr.
852 3367 889 3419 n.,
912 3348 1038 3405 fortasse
1061 3347 1121 3404 iam
1144 3346 1248 3422 primo.
1292 3347 1337 3405 Ac

153 3434 283 3509 primum
297 3434 444 3510 reperitur
458 3434 489 3490 in
503 3433 747 3512 inscriptionibus
762 3436 834 3493 anni
851 3437 913 3494 138
930 3439 959 3493 61
976 3437 1039 3494 140
1053 3436 1149 3493 forma
1160 3429 1337 3511 ‘burgarii'z

154 3523 188 3580 cf.
201 3522 295 3581 Oestr.
306 3523 384 3581 Mitt.
395 3522 482 3580 XVII
491 3543 518 3599 p.
532 3525 595 3581 224
609 3515 778 3604 u(uruerus)
790 3515 1023 3603 bur9(arioruu)
1041 3528 1067 3582 61
1074 3514 1337 3605 raedarium),

154 3606 288 3689 ‘burgus’
309 3614 410 3670 autem
429 3631 486 3671 161
509 3612 575 3686 ipsa
597 3610 666 3671 inde
686 3631 704 3670 a
723 3611 877 3671 Commodi
896 3615 994 3672 aetate
1018 3605 1057 3694 (a.
1081 3613 1142 3671 185
1162 3633 1190 3688 p.
1211 3608 1283 3670 chr.
1299 3614 1335 3672 cf.

154 3699 248 3760 Oestr.
267 3700 346 3758 Mitt.
367 3699 441 3758 XIH
459 3721 487 3776 p.
510 3692 587 3782 141)
612 3701 649 3758 ad
667 3701 866 3760 lastinianum
885 3702 1004 3777 saepius
1024 3719 1059 3760 ac
1078 3701 1201 3760 diversis
1216 3701 1249 3758 in
1264 3721 1336 3776 par-

152 3789 233 3848 tibus
252 3789 379 3865 imperii.
424 3787 599 3848 Gemanica
618 3808 687 3851 1616
706 3810 763 3849 161
782 3791 918 3849 feminini
936 3791 1051 3868 generis
1071 3793 1135 3849 6161
1154 3793 1183 3848 61
1201 3810 1255 3865 per
1276 3791 1336 3849 116-

153 3896 256 3937 manos
276 3879 373 3936 nescio
394 3898 432 3938 an
450 3879 573 3954 propter
591 3896 604 3937 s
623 3879 742 3938 literam
759 3878 945 3955 nominativi,
965 3881 1035 3954 quia
1054 3881 1210 3938 etiamtum
1231 3882 1336 3939 verisi-

153 3968 276 4026 millime
292 3961 404 4044 ‘burge'
419 3968 485 4042 fuit,
505 3986 551 4026 -us
570 3968 778 4029 terminatione
798 3969 901 4029 addita
918 3969 950 4027 in
969 3969 1166 4027 masculinum
1184 3969 1337 4027 translata

154 4058 205 4131 sit3
224 4074 278 4132 pro
298 4058 377 4115 66116
397 4059 498 4115 autem
515 4055 618 4115 haberi
635 4059 735 4132 potest
752 4060 784 4116 in
799 4058 992 4133 inscriptione
1007 4057 1114 4116 aetatis
1129 4056 1336 4116 Iustinianeae

153 4136 199 4225 (O.
219 4145 241 4202 I.
265 4143 298 4203 L.
317 4143 392 4203 VIH
415 4138 516 4227 4799)
547 4144 637 4204 etiam
664 4149 802 4206 neutrum
829 4165 921 4224 genus
944 4147 1017 4223 legi,
1041 4141 1269 4224 fa[brr'cat]uru
1296 4150 1337 4205 cst

154 4226 364 4312 b[ur]p[uuc]‚
384 4235 462 4309 quod
480 4252 575 4313 genus
595 4235 686 4294 etiam
704 4236 736 4293 in
754 4236 904 4294 latinitate
923 4235 1014 4293 medii
1039 4236 1104 4293 6611
1123 4252 1335 4308 nonnusquam

154 4323 282 4381 occurrit
300 4314 349 4405 (cf.
369 4323 517 4401 Ducangii
531 4315 601 4405 161.)
617 4326 647 4383 61
660 4324 734 4383 mihi
749 4323 877 4401 quidem,
897 4343 963 4383 cum
983 4323 1197 4400 posterioribus
1213 4323 1334 4382 demum
