2790 4930
681 894 816 969 Vita

254 1199 350 1257 Natus
376 1192 442 1257 aum
467 1198 621 1258 Ioannes
647 1197 821 1276 Georgius
846 1198 976 1274 Kompf
994 1198 1184 1259 Fraueofurti
1206 1201 1237 1259 in
1262 1200 1336 1258 urbe

163 1287 200 1346 ad
208 1288 348 1347 Moenum
362 1289 420 1346 sita
436 1306 462 1346 a.
472 1286 498 1345 d.
514 1287 564 1346 IX.
575 1286 641 1345 Kal.
652 1287 721 1346 Mai.
732 1306 758 1346 a.
769 1288 796 1345 h.
807 1305 829 1346 s.
840 1287 972 1346 LXXVI.
982 1291 1068 1364 patre
1082 1288 1193 1348 Ioanne
1202 1288 1336 1348 Antonio

161 1381 257 1435 matre
276 1376 373 1434 Maria
385 1373 553 1435 Katharina
572 1395 587 1434 e
606 1379 693 1454 gente
712 1376 887 1436 Schleicher.
925 1376 1028 1435 Fidem
1050 1376 1191 1453 profiteor
1209 1396 1336 1455 evange·

161 1467 258 1524 licam.
286 1465 455 1523 Literarum
472 1465 648 1524 rudimentis
662 1465 794 1524 imbutus
808 1468 997 1543 gymnasium
1010 1466 1197 1541 frequentavi
1210 1466 1335 1544 Mogim·

161 1557 290 1614 tiacense
305 1554 343 1612 ab
358 1572 384 1612 a.
393 1553 562 1612 LXXXVII
575 1553 613 1612 ad
627 1572 653 1614 a.
664 1553 767 1614 XOVI.
797 1554 894 1613 Huius
908 1555 980 1613 anui
994 1556 1137 1614 autumno
1151 1557 1336 1614 maturitatis

161 1645 332 1702 testimonio
351 1644 513 1701 instructus
532 1642 638 1702 studiis
657 1643 845 1722 philologieis
864 1662 985 1720 operam
1002 1643 1071 1703 dedi
1090 1645 1223 1723 singulos
1242 1663 1336 1703 annos

162 1734 194 1790 in
219 1731 371 1790 academia
394 1730 524 1791 Giasensi
547 1734 578 1790 et
595 1731 794 1806 Berolinensi,
819 1752 845 1792 a.
860 1730 987 1792 XCVIII
1006 1735 1148 1793 autumno
1171 1735 1282 1794 reverti
1297 1736 1336 1808 *in

162 1819 397 1880 Ludovicianam
424 1818 603 1896 Gr'ssensem,
630 1821 682 1880 ubi
710 1820 805 1881 denuo
833 1821 946 1881 civibus
974 1821 1160 1881 Academicis
1177 1823 1336 1896 ascriptus

162 1927 228 1969 sum
246 1928 299 1985 per
318 1909 390 1968 duos
409 1927 502 1969 annos
520 1927 613 1985 usque
632 1908 670 1969 ad
687 1911 744 1970 hoc
761 1913 885 1986 tempus.
915 1908 1034 1971 'Audivi
1052 1912 1132 1971 viros
1150 1911 1336 1970 doctiasImos

163 1997 327 2057 Giasenses:
345 1998 557 2058 Bartholomae
574 1997 727 2076 Behaghel
740 2019 767 2058 v.
782 1998 900 2058 Bradke
913 1999 949 2057 A.
959 1998 1111 2059 Dieterich
1124 1997 1337 2058 Gundermann

162 2086 335 2145 thlbaum
358 2085 479 2145 Onekeu
503 2087 596 2145 Sauer
618 2087 652 2145 Ε.
673 2087 823 2147 Schwartz
848 2087 984 2163 Siebeck3
1009 2088 1228 2147 Berolinenses:
1251 2088 1337 2147 Diels
1374 2118 1376 2137 ·

162 2175 289 2235 Heusler
315 2175 424 2234 Hintae
452 2175 484 2235 O.
508 2175 679 2235 Hirschfeld
705 2176 852 2237 Reinhold
878 2176 1027 2255 Roediger
1052 2176 1121 2255 Sieg
1146 2177 1180 2235 a.
1200 2175 1337 2235 Schmidt

161 2264 228 2324 Joh.
249 2264 384 2323 Schmidt
406 2264 570 2324 Schmoller
593 2263 648 2323 Ad.
663 2265 795 2343 Wagner
817 2264 853 2324 U.
867 2285 895 2325 r.
910 2264 1335 2325 wilencum-Manendum.

162 2352 373 2412 Proseminarii
392 2352 537 2412 Gissensis
557 2353 666 2413 sodalis
686 2353 852 2413 ordinamus
871 2354 916 2413 fui
933 2353 980 2415 bia
998 2371 1083 2416 aenos
1101 2371 1216 2413 menses
1235 2356 1336 2430 auspi·

163 2443 215 2502 ciis
234 2441 410 2501 Dietemehii
428 2440 650 2501 Gundennanni
664 2440 851 2518 Schwartnii‚
869 2443 1084 2518 Berolmeusis,
1102 2442 1183 2519 quod
1200 2441 1336 2502 modera·

162 2528 272 2598 bonnm
303 2530 386 2589 Diels
418 2532 449 2589 et
475 2550 502 2589 v.
527 2530 739 2607 Wilamowitz‚
771 2531 896 2591 totidem
927 2550 1055 2608 menses,
1082 2534 1114 2590 iu
1144 2533 1338 2591 sommarium

163 2619 299 2679 Gissense
323 2619 537 2696 philologicum
563 2622 738 2697 receperunt
765 2640 813 2679 me
829 2619 981 2681 Dieterich
1008 2622 1039 2679 et
1066 2618 1277 2680 Gundermaun
1309 2623 1338 2679 et

162 2709 285 2767 interfui
308 2709 567 2768 exercitationibus
591 2708 628 2766 ab
651 2711 688 2768 iis
707 2710 854 2769 institutis
871 2709 917 2769 bis
936 2727 1021 2770 senos
1040 2728 1168 2785 menses,
1193 2712 1225 2767 in
1243 2710 1338 2768 socie-

162 2798 257 2857 tatem
279 2795 446 2856 Germanici
469 2798 621 2857 seminarii
644 2797 803 2874 (Samaeis,
829 2798 908 2872 quod
931 2797 1079 2876 gubernat
1101 2796 1266 2875 Behaghel,
1290 2816 1338 2856 as·

163 2888 298 2961 sumptus
317 2904 383 2945 sum
400 2886 453 2946 hos
468 2885 541 2947 duos
556 2905 657 2962 aanor,
676 2887 875 2963 philosophici
888 2886 1028 2964 auspiciis
1042 2886 1189 2946 Siebeckii
1202 2885 1337 2945 florentis

162 2977 216 3035 hos
235 2993 285 3034 sex
302 2993 424 3035 menses.

251 3063 306 3122 His
333 3063 573 3141 praeceptoribus
600 3064 674 3124 meis
701 3062 757 3124 hoe
780 3065 845 3123 loeo
868 3066 1013 3125 maximas
1038 3065 1151 3142 gratias
1174 3082 1221 3122 me
1248 3056 1337 3141 agere

163 3171 248 3230 posse
266 3154 353 3214 valde
371 3154 495 3233 gaudeo,
518 3155 664 3228 imprimis
684 3150 922 3228 Gundermanno,
945 3154 997 3230 qui
1016 3152 1054 3211 ad
1072 3154 1146 3212 haec
1164 3151 1268 3211 studIa
1291 3171 1336 3211 me

163 3245 304 3302 excitarit
321 3246 360 3319 et,
378 3261 439 3319 qua
456 3260 572 3318 semper
590 3243 654 3300 erat
672 3260 743 3320 erga
755 3262 803 3301 me
816 3241 1022 3302 benevolentIa
1036 3243 1126 3318 atque
1139 3241 1337 3318 benignitate,

162 3332 363 3407 perficientem
382 3331 504 3391 adiurit.
