2790 4930
684 905 806 991 Caput
829 905 845 970 I

171 1045 414 1113 Romanorum
429 1062 546 1111 sermo
561 1046 754 1113 castrensis
769 1047 856 1128 quid
870 1047 921 1113 sit
935 1048 1134 1129 quibusque
1148 1065 1167 1114 e
1180 1049 1350 1116 fontibus

270 1168 408 1233 quaque
426 1153 485 1219 uia
503 1169 544 1219 ac
562 1153 702 1221 ratione
721 1153 799 1220 elus
817 1153 994 1234 reliquiae
1012 1152 1241 1223 hauriantur.

253 1300 435 1378 ,Ubicunque
454 1300 609 1360 literarum
632 1305 824 1361 monumenta
842 1302 906 1378 ipse
925 1302 982 1360 sibi
1000 1303 1109 1380 aliquis
1128 1305 1256 1381 populus
1275 1324 1349 1365 con-

171 1390 240 1448 dere
255 1391 374 1466 occipit,
388 1408 406 1448 a
418 1408 551 1450 sermone
567 1393 618 1467 qui
632 1391 671 1450 ad
685 1391 716 1450 id
730 1393 872 1468 temporis
886 1410 964 1450 unus
978 1410 1013 1450 ac
1027 1392 1152 1467 simplex
1166 1394 1198 1451 in
1212 1397 1350 1453 omnium

170 1479 384 1538 consuetudine
407 1478 479 1554 ruit,
504 1496 600 1539 sermo
626 1480 770 1539 librorum
793 1481 975 1559 seiungitur3
1002 1483 1038 1539 ut
1063 1485 1163 1541 autem
1189 1484 1285 1541 oratio
1314 1484 1349 1541 in

170 1567 265 1626 literis
290 1567 425 1626 adhibita
448 1570 480 1626 in
503 1570 588 1629 varia
611 1588 721 1647 genera
743 1568 860 1628 dicendi
882 1569 931 1629 vel
954 1568 1101 1628 scribendi
1123 1570 1277 1646 dividitur,
1299 1571 1349 1630 ita

170 1659 195 1715 is
220 1673 325 1731 sermo,
349 1658 400 1734 qui
423 1657 455 1715 in
478 1657 628 1718 cotidiano
653 1658 809 1717 hominum
827 1677 883 1717 usu
902 1658 991 1732 valet,
1018 1677 1076 1734 quo
1095 1660 1253 1735 ampliores
1274 1664 1350 1719 sunt

169 1744 243 1804 fines
266 1748 364 1823 gentis
386 1749 558 1824 quantoque
581 1750 677 1825 magis
700 1748 780 1807 vitae
808 1750 839 1806 et
866 1746 1031 1806 officiorum
1059 1766 1168 1825 genera
1194 1748 1349 1824 paulatim

168 1837 284 1893 variare
308 1838 398 1912 atque
416 1835 572 1895 dissentire
591 1837 760 1911 ordiuntur,
779 1855 813 1895 eo
832 1836 949 1894 facilius
972 1838 1004 1893 in
1027 1837 1137 1895 multas
1156 1855 1191 1895 ac
1210 1836 1348 1897 diversas

166 1926 268 1999 partes
291 1925 460 2000 formasque
484 1925 672 2000 dispertitur:
698 1944 758 2002 qua
780 1926 896 1984 ratione
919 1925 1040 1984 dialecti
1063 1926 1094 1983 et
1112 1925 1250 1984 ordinum
1270 1946 1347 2003 quo·

167 2012 294 2071 rundam
317 2030 465 2072 sermones
490 2014 634 2072 oriuntur.
676 2013 734 2073 Sed
757 2014 789 2072 in
811 2016 848 2073 iis
868 2014 1029 2089 ordinibus,
1054 2016 1106 2090 qui
1129 2016 1164 2072 ut
1182 2017 1213 2072 et
1230 2017 1346 2074 artiore
1388 2052 1389 2055 =

167 2101 358 2179 colligatione
381 2104 531 2161 societatis
555 2103 603 2161 vel
626 2103 800 2179 disciplinae
825 2104 1045 2180 coniunguntur
1068 2106 1098 2161 et
1126 2123 1143 2160 a
1167 2105 1271 2162 ceteris
1297 2124 1347 2163 or-

167 2190 285 2249 dinibus
300 2191 445 2250 intentius
455 2194 659 2269 segregantur,
672 2192 717 2249 ita
731 2192 820 2249 duces
834 2192 947 2269 ingenii
961 2193 1052 2266 cultu,
1066 2194 1146 2250 uitae
1161 2192 1347 2270 condicione,

167 2281 284 2337 numeri
308 2282 471 2357 exiguitate
494 2279 532 2338 ab
555 2279 745 2339 inferioribus
764 2280 851 2339 valde
870 2281 1076 2357 dissociantur,
1101 2280 1133 2337 in
1151 2283 1189 2339 iis
1207 2280 1347 2356 plebeius

166 2367 255 2426 homo
274 2385 358 2426 suam
377 2369 440 2444 ipse
459 2368 572 2428 ordinis
592 2372 757 2428 orationem
776 2388 794 2427 a
813 2369 1004 2444 comprobata
1023 2368 1158 2426 technica
1172 2373 1348 2445 separatam

165 2456 253 2514 facile
276 2457 405 2516 formare
428 2457 511 2515 solet.
553 2455 618 2525 Qua
637 2458 672 2516 de
696 2476 786 2517 causa
810 2462 845 2516 ut
869 2459 1004 2534 exempla
1027 2459 1163 2533 afferam,
1191 2459 1223 2515 in
1246 2476 1348 2517 sacer-

166 2545 270 2604 dotum
297 2545 346 2605 vel
372 2545 649 2605 iurisconsultorum
677 2547 818 2605 societate
846 2548 916 2606 talis
944 2547 1077 2625 vulgaris
1105 2565 1200 2605 sermo
1229 2547 1348 2607 ordinis

166 2635 249 2694 nasci
267 2652 327 2692 non
345 2637 453 2709 potest,
471 2638 609 2694 nascetur
628 2638 727 2694 autem
746 2637 828 2695 omni
847 2638 945 2695 aetate
964 2654 1124 2712 omnesque
1144 2635 1222 2710 apud
1238 2640 1348 2711 gentes

166 2723 199 2780 in
217 2722 401 2789 exercitibus.
500 2768 504 2777 .

254 2810 365 2881 Quodsi
390 2811 467 2870 hanc
489 2813 521 2870 in
543 2816 721 2872 sententiam
739 2814 940 2874 Romanorum
963 2814 1097 2890 linguam
1120 2816 1350 2888 perscrutamur

165 2932 209 2942 --
236 2900 341 2977 populi
371 2900 450 2960 bello
482 2903 733 2979 praestantissimi
760 2906 790 2961 et
816 2903 1018 2979 potentissimi
1046 2902 1237 2977 antiquorum
1266 2905 1348 2961 tem-

164 3008 319 3065 porum—
328 2987 450 3066 Gellius,
468 2991 521 3066 qui
534 2991 671 3051 literatus
686 2994 896 3070 grammaticus
910 2993 1006 3049 multa
1019 2992 1093 3066 legit
1107 2992 1196 3065 atque
1211 2990 1349 3067 collegit,

164 3082 242 3138 noct.
250 3079 341 3138 Attic.
351 3082 400 3154 10,
412 3081 470 3155 8,9
490 3082 635 3140 nonnulla
653 3100 729 3156 quae
748 3081 892 3138 militaria
915 3077 1049 3153 appellat
1066 3076 1158 3136 verba
1176 3081 1349 3155 componit,

166 3169 218 3244 qui
236 3168 297 3227 alia
314 3168 459 3228 eiusmodi
478 3171 611 3244 quaerat,
635 3170 662 3226 ei
680 3167 867 3226 commendat
885 3186 986 3225 eorum
1004 3166 1104 3240 libros,
1128 3169 1179 3242 qui
1202 3166 1237 3225 de
1260 3170 1349 3226 mili-

165 3259 224 3314 tari
242 3255 401 3333 disciplina
419 3256 598 3332 scripserint.
635 3254 720 3313 Unde
739 3257 864 3333 apparet
888 3255 992 3330 libros,
1016 3255 1123 3330 quibus
1142 3257 1348 3331 proprietates

164 3348 306 3404 sermonis
338 3346 477 3403 militaris
511 3343 744 3420 continerentur,
774 3364 792 3403 a
820 3343 1023 3421 grammaticis
1055 3346 1119 3419 ipso
1150 3343 1248 3401 studio
1278 3348 1347 3404 eius

165 3436 237 3492 artis
264 3436 366 3508 copiae
384 3434 543 3492 verborum
565 3433 749 3511 colligendae
773 3434 913 3510 scriptos,
937 3433 992 3492 illa
1011 3432 1131 3508 quidem
1150 3434 1247 3489 aetate
1266 3452 1347 3492 non-

164 3521 235 3580 dum
249 3522 354 3596 irrisam
373 3522 423 3580 sed
437 3524 542 3598 postea
556 3541 682 3598 quoque,
697 3525 814 3583 etiamsi
828 3542 888 3581 non
901 3541 969 3580 raro
985 3521 1064 3597 apud
1079 3520 1223 3596 quosdam
1238 3525 1347 3580 aucto-

164 3629 211 3669 res
230 3603 392 3692 (imprimis
411 3613 442 3669 in
461 3611 581 3670 scholiis
600 3613 683 3671 velut
701 3615 813 3688 passim
828 3611 907 3686 apud
922 3610 1058 3669 Servium
1072 3609 1103 3666 in
1118 3612 1346 3669 commentariis

164 3699 201 3758 ad
211 3698 354 3774 Aeneida,
369 3700 405 3758 of.
414 3700 523 3774 8,653.
543 3703 592 3776 10,
604 3702 677 3760 241.
690 3702 762 3760 279.
775 3691 854 3779 295)
869 3699 1034 3775 singularia
1048 3697 1242 3775 designantur
1252 3717 1345 3757 voca·

163 3786 235 3845 bula
257 3787 414 3862 militaria,
433 3806 519 3847 nemo
538 3793 685 3864 veterum,
704 3788 784 3865 quod
803 3787 923 3864 quidem
940 3788 1197 3863 investigaverim,
1216 3804 1252 3843 ea
1270 3806 1345 3846 con-

163 3894 263 3953 gerere
283 3878 408 3935 conatus
428 3879 480 3936 est.
527 3878 630 3954 Neque
650 3880 729 3936 enim
753 3877 852 3935 studia
871 3876 920 3935 vel
944 3894 991 3934 ars
1016 3875 1218 3933 Romanorum
1241 3895 1346 3951 gram·

163 3967 341 4023 maticorum
364 3966 437 4024 adeo
461 3983 618 4043 progressa
636 3968 715 4044 sunt,
738 3969 774 4025 ut
796 3984 891 4025 sermo
910 3965 1001 4023 ullius
1020 3963 1133 4022 ordinis
1153 3982 1171 4020 a
1189 3967 1346 4022 communi

163 4057 318 4131 separatus
337 4055 530 4113 excuteretur.
571 4055 650 4113 Nam
674 4058 730 4114 etsi
753 4057 878 4114 fortasse
897 4056 929 4112 in
948 4053 1168 4112 commentariis
1186 4053 1260 4110 iuris
1279 4054 1344 4112 ter-

163 4143 240 4201 mini
259 4142 387 4202 teehnici
409 4144 498 4203 huius
520 4144 691 4219 prouinciae
710 4135 1008 4223 componebantur1),
1029 4144 1131 4199 tamen
1154 4158 1213 4198 non
1239 4160 1346 4201 amore

165 4263 378 4271 ——--—-———

255 4334 281 4399 1)
305 4329 346 4385 cf.
362 4329 431 4384 Gell.
444 4336 486 4398 16,
497 4336 522 4398 5,
533 4336 562 4384 3:
582 4329 610 4384 O.
625 4330 722 4384 Aelius
742 4329 839 4383 Gallus
857 4328 888 4382 in
906 4328 979 4382 libro
999 4328 1034 4383 de
1053 4327 1262 4397 significatione
1281 4347 1346 4385 ver-

163 4400 271 4469 borum,
292 4417 365 4470 quae
385 4401 422 4453 ad
440 4401 484 4455 ius
503 4401 585 4456 civile
603 4402 753 4471 pertinent,
773 4401 894 4454 secundo
915 4399 1096 4453 ‘vestibulum
1114 4414 1175 4452 esse
1195 4398 1266 4453 dicit
1285 4419 1348 4457 non
