2790 4930
76 203 268 257 Romanorum
287 200 421 254 sermonis
441 201 588 255 castrensis
607 201 744 270 reliquiae
763 200 897 255 collectae
916 204 944 255 et
962 201 1127 256 illustratae.
1166 202 1231 268 365

56 372 241 446 temporibus
255 372 358 444 exstet,
377 388 394 428 6
407 370 503 430 verbis
519 370 691 446 synonymis
706 365 853 430 ‘castrum
868 365 1039 430 castellum'
1052 372 1232 430 translatum
1281 400 1283 403 ·

55 452 217 630 11161611)
255 458 450 536 significabat
468 462 568 517 autem
586 461 685 534 priore
704 463 803 518 aetate
821 454 970 518 ‘turrim'
996 479 1087 536 prope
1106 460 1232 520 limitem

55 549 175 625 imperii
209 551 244 609 cf.
263 549 429 607 Mommsen
447 549 481 606 R.
502 547 534 607 G.
554 541 602 605 V³
619 569 647 624 p.
669 551 730 607 141
753 548 818 607 adn.
840 541 873 630 2)
893 549 931 607 ad
949 549 1155 609 custodiendos
1174 553 1231 608 ter·

55 639 153 698 minos
172 639 303 698 1611166
323 638 360 696 ab
377 637 512 696 hostibus
532 639 594 696 6116
612 638 778 697 latronibus
796 638 1003 715 ingruentibus
1022 640 1070 697 161
1089 639 1180 697 etiam
1194 639 1231 696 ab

56 728 104 802 iis,
124 729 176 802 qui
193 722 337 787 furtivam
355 728 554 786 mercaturam
573 727 755 802 exercebant,
774 727 973 786 constitutam.
1011 727 1144 786 Eandem
1162 747 1231 786 1616

56 818 235 876 sententiam
249 816 409 877 ostendunt
423 817 539 893 glossae
554 814 584 875 G.
601 814 645 874 Gl.
661 816 693 873 L.
709 816 739 873 Π
755 818 828 891 426,
839 819 889 874 26.
912 817 985 891 570,
996 818 1045 875 34.
1066 816 1232 876 Posteriora

56 908 157 965 autem
176 908 337 965 661616116
356 906 437 964 16616
457 905 638 982 amplificata
657 907 709 965 661.
747 906 792 964 Ac
810 906 923 982 primus
943 906 1071 981 quidem,
1086 907 1231 981 quatenus

57 995 154 1053 adhuc
178 996 350 1055 testimonia
376 997 455 1053 certa
482 997 511 1053 et
537 994 668 1053 dilucida
694 996 820 1069 exstant,
846 996 988 1072 Vegetius
1018 995 1232 1071 interpretatur

54 1079 310 1161 verbo‘parvuli
321 1078 492 1158 castelli’3
506 1083 585 1143 idem
595 1103 696 1143 sensus
708 1084 916 1160 comprobatur
925 1084 986 1143 illis
995 1104 1102 1143 novem
1111 1085 1231 1161 glossis:

56 1175 163 1248 turpes
192 1177 290 1232 castra
316 1165 366 1253 (61.
392 1171 423 1230 G.
443 1171 487 1230 Gl.
507 1173 539 1230 L.
560 1173 603 1230 VI
624 1165 702 1254 157)
732 1173 869 1249 idemque
894 1174 969 1231 latet
998 1173 1029 1231 in
1059 1173 1128 1232 isid.
1157 1174 1230 1251 orig.

58 1265 87 1336 9,
107 1264 137 1336 4,
157 1263 216 1320 28:
236 1256 325 1337 ‘cada
343 1253 408 1342 (sol.
429 1282 446 1319 a
464 1253 573 1344 burgo)
593 1266 619 1320 61
631 1263 880 1336 Respondissem
891 1265 970 1337 pecti
982 1281 1087 1322 16111611
1099 1263 1232 1338 inhaesit,

55 1368 128 1423 quos
159 1353 307 1424 quondam
337 1351 458 1409 subacta
484 1349 646 1411 Germania
676 1352 805 1412 1161116111
824 1370 881 1427 per
906 1355 1003 1411 castra
1028 1354 1233 1426 disposuerunt

55 1443 141 1513 etque
159 1442 324 1499 1161666116
343 1457 377 1499 ea
395 1441 463 1498 16616
481 1435 687 1515 sumpserant?

147 1530 174 1587 6.
200 1529 238 1586 ad
260 1529 357 1587 Amm.
376 1529 466 1587 Marc.
487 1531 539 1603 31,
560 1532 588 1610 7,
609 1532 642 1588 7:
666 1524 819 1610 carrago:
845 1530 888 1590 (11.
911 1530 1009 1608 Klugs
1031 1532 1089 1589 1.·1.
1108 1551 1136 1606 p.
1157 1532 1231 1605 329,

55 1617 222 1694 streitberg
238 1617 370 1694 Urgerm.
391 1616 439 1676 Gr.
455 1639 482 1693 p.
496 1619 574 1676 145:
593 1617 676 1677 Sicut
694 1618 870 1679 Ammianus
884 1620 948 1694 ipse
966 1619 1048 1693 dicit,
1066 1618 1231 1678 Gothorum

53 1709 112 1780 est,
139 1707 190 1782 qui
208 1706 444 1781 pronuntiabant
462 1709 585 1784 carrago
609 1717 649 1766 ex'
667 1701 866 1790 *6611111ςοῖ)
890 1709 956 1767 fem.
983 1729 1047 1786 gen.
1073 1735 1115 1756 =
1135 1728 1230 1768 carro·

52 1815 121 1852 rum
146 1796 372 1871 saepimentum,
398 1796 500 1855 eodem
525 1797 613 1855 modo
640 1798 836 1873 compositum
866 1800 956 1872 atque
986 1797 1229 1876 Anglosaxonum

53 1878 241 1962 ‘bordhaga’
261 1910 303 1932 ---
323 1885 485 1961 clipeorum
504 1887 727 1961 saepimentum.
765 1886 857 1946 Nullo
876 1888 975 1945 autem
998 1888 1064 1946 loco
1089 1880 1229 1963 ‘impedi-

52 1968 166 2031 menta'
191 1974 311 2032 omnino
336 1973 494 2050 significat,
516 1973 547 2032 id
571 1975 650 2050 quod
674 1975 832 2034 Porcellini
857 1976 1016 2035 contendit.
1059 1975 1149 2051 Apud
1172 1976 1229 2035 Ro-

53 2080 159 2122 manos
184 2063 310 2137 milites,
336 2081 402 2121 cum
428 2062 608 2121 declinatum
633 2066 673 2123 sit
699 2064 859 2124 secundum
883 2065 1053 2143 analogiam
1076 2065 1229 2124 nominum

52 2154 105 2208 in·
116 2151 300 2229 ago-aginis
316 2152 494 2226 exeuntium,
512 2172 566 2227 pro
585 2155 665 2213 certo
679 2154 847 2213 habendum
867 2157 911 2214 661
930 2155 1056 2213 61161616
1075 2175 1092 2212 6
1110 2155 1230 2214 literam

52 2240 229 2314 productam
242 2241 340 2300 fuisse.

146 2331 172 2387 7.
197 2329 236 2388 ad
258 2330 330 2408 Veg.
355 2332 471 2405 4,15:
496 2323 703 2414 causia†(?):
729 2334 765 2391 61.
791 2333 889 2411 Kluge
914 2334 933 2391 l.
953 2334 972 2391 l.
991 2332 1133 2410 Vegetius
1157 2334 1229 2410 quia

54 2417 139 2474 addit
161 2412 248 2491 ‘qaas
270 2437 348 2478 116116
370 2421 493 2479 militari
516 2421 723 2496 barbaricoque
738 2440 798 2489 aaa
818 2416 1046 2496 ..6616166111’,
1070 2442 1125 2498 pro
1149 2425 1228 2482 certo

53 2509 237 2583 compertum
263 2510 309 2567 est
334 2509 390 2567 hoc
417 2509 482 2568 loco
510 2512 689 2571 castrensem
716 2511 808 2571 latere
836 2531 952 2587 vocem3
979 2511 1051 2570 haec
1077 2531 1151 2587 quae
1176 2511 1227 2587 sit,

53 2590 150 2669 specie
169 2596 299 2671 quadam
317 2599 451 2658 veritatis
471 2596 617 2657 destinare
636 2619 728 2676 prope
742 2600 883 2676 despero·
905 2601 983 2659 Nam
998 2601 1127 2678 genuina
1140 2601 1228 2660 lectio

51 2684 84 2740 in
103 2683 186 2744 libris
206 2684 339 2745 familiae
357 2687 511 2763 utriusque
530 2689 754 2762 corruptissima
771 2688 903 2765 videtur3
926 2693 1028 2749 666116
1051 2691 1175 2767 vulgata
1199 2693 1229 2750 61

50 2771 167 2849 Langio
186 2775 321 2849 probata,
340 2776 391 2834 sed
410 2795 557 2851 nusquam
577 2776 704 2851 tradita,
722 2777 788 2836 ideo
813 2777 891 2852 quod
915 2772 1047 2837 ‘nausia'
1071 2799 1128 2839 vox
1151 2772 1184 2860 (1.
1204 2800 1227 2839 c.

51 2859 199 2921 Graecum
217 2856 375 2946 ‘rsuciu')
394 2865 455 2923 iam
473 2864 574 2923 Plauti
597 2868 694 2925 aetate
717 2885 777 2926 non
800 2868 898 2926 minus
921 2867 1034 2926 usitata
1056 2869 1116 2926 fuit
1138 2887 1228 2944 quam

51 2950 134 3024 apud
147 2953 280 3026 posteros
296 2943 346 3033 (cf.
356 2945 474 3033 lorica),
489 2954 527 3012 ad
537 2954 629 3013 talem
643 2957 743 3014 autem
753 2975 812 3014 non
823 2957 980 3031 quadrant,
994 2976 1071 3033 quae
1085 2957 1227 3035 Vegetius

50 3039 126 3097 dicit
144 3034 375 3116 ‘barbaricoque
398 3037 481 3117 usu',
503 3062 623 3118 prorsus
646 3044 805 3103 refutanda
828 3047 886 3121 661,
909 3045 1015 3104 iisdem
1037 3065 1107 3105 1616
1131 3049 1227 3106 666616

50 3127 143 3186 etiam
168 3125 358 3189 *6661116166
382 3132 550 3191 6661661616
569 3153 584 3190 6
603 3133 729 3193 16611666
748 3133 829 3194 codd.
849 3135 979 3194 melioris
999 3134 1101 3194 classis
1119 3136 1226 3195 elicita.

49 3210 180 3276 ‘saeos'
199 3217 325 3293 denique
344 3239 523 3296 quamquam
542 3224 587 3280 ita
606 3223 725 3298 quidem
738 3223 1008 3282 machinamentum
1020 3224 1228 3300 appellabatur

48 3304 148 3363 medio
172 3324 245 3364 aevo
269 3298 318 3387 (61.
343 3307 392 3366 Du
416 3306 515 3386 Gange
533 3310 565 3368 Π
589 3308 702 3388 [1885]
726 3333 755 3388 p.
777 3305 868 3394 231),
892 3334 909 3372 6
931 3313 1064 3389 reliquiis
1092 3314 1227 3381 lectionis

48 3392 180 3452 traditae
206 3395 295 3454 nimis
321 3396 467 3458 abhorret.
506 3391 649 3480 (ceterum
675 3401 751 3460 falso
774 3404 896 3479 negarit
919 3402 968 3461 Du
993 3402 1092 3482 Gange
1115 3397 1225 3462 ‘catti'

48 3481 141 3541 verbo
151 3482 247 3542 medio
259 3503 331 3544 6616
343 3487 445 3547 vineas
460 3488 651 3563 antiquorum
665 3492 786 3549 vocatas
801 3509 871 3550 esse.
906 3492 940 3549 61.
960 3493 998 3550 Μ.
1014 3493 1034 3550 J
1035 3492 1108 3551 ahns
1123 3492 1225 3555 Gesch.

47 3570 76 3627 d.
96 3570 240 3648 Kn‘egsw.
259 3593 287 3648 p.
310 3566 396 3655 650).
434 3574 516 3645 Quae
535 3596 603 3636 cum
625 3578 670 3636 ita
689 3577 762 3653 sint,
785 3579 816 3637 id
837 3582 956 3639 tantum
979 3600 1033 3656 pro
1052 3584 1131 3640 certo
1150 3581 1225 3640 iudi·

47 3677 117 3717 care
142 3661 238 3719 ausim
256 3662 310 3720 illa
328 3666 496 3741 corruptela
514 3666 715 3726 verisimiliter
733 3666 934 3743 Germanicae,
952 3671 1078 3730 fortasse
1097 3669 1225 3730 Gelticae

48 3748 153 3825 stirpis
174 3749 350 3810 vocabulum
369 3757 517 3815 castrense
536 3774 599 3815 esse
618 3750 793 3839 abditum.³)

140 3901 166 3968 1)
189 3901 272 3955 Falso
291 3902 395 3958 Patsch
413 3905 443 3958 in
461 3905 720 3975 Pauly-Wissowae
739 3909 932 3964 6161111666
956 3910 1101 3965 contendit
1123 3927 1225 3964 nornen

49 3970 160 4053 castelli
178 3971 209 4024 in
228 3972 335 4055 ldoesia
354 3975 402 4028 siti
421 3993 481 4031 esse
501 3980 627 4046 Βοῦργον
646 3982 730 4034 ἄλτον
749 3981 836 4049 (Ρ166.
857 3982 892 4035 de
911 3981 1224 4052 6611111662890),

45 4042 170 4124 traditur
191 4059 268 4125 enirn
285 4047 318 4099 τὸ
339 4048 465 4114 Βούργου
490 4050 574 4103 dauco
598 4052 801 4118 ὠνομαεμένον,
828 4069 900 4120 quae
923 4053 1013 4105 forma
1035 4068 1137 4121 genere
1162 4071 1224 4122 pro-

46 4113 199 4167 nuntiandi
225 4118 293 4169 tunc
320 4116 426 4172 usitato
455 4119 622 4188 explicanda
651 4123 693 4175 661
716 4122 760 4190 (61.
776 4123 844 4177 ibid.
860 4142 887 4193 p.
899 4127 1002 4189 289,18
1027 4126 1223 4191 Στιλιβούργου

45 4187 92 4238 rut
111 4186 365 4268 Ἁλικᾳνιβοὺργου,
386 4189 435 4242 sed
454 4196 479 4257 3,
495 4195 510 4243 7
529 4210 556 4260 p.
573 4197 637 4259 260,
652 4198 681 4246 8:
707 4196 848 4261 Βούργου(
866 4196 947 4261 νόηες
972 4193 1158 4262 supplendum
1182 4199 1224 4250 est

46 4271 81 4308 ex
108 4259 254 4311 6661111616
274 4259 457 4315 antecedente
482 4262 641 4331 ‘possimos’
662 4265 699 4318 ad
728 4265 772 4318 ‘rb
800 4267 834 4331 δὴ
856 4267 982 4332 Βούργου
1000 4265 1090 4320 'tirou
1115 4269 1224 4335 ὠνομα-

46 4327 166 4408 (6ένον’.
276 4332 304 4394 2)
330 4329 351 4383 h
373 4330 634 4388 literavsecundum
661 4334 862 4404 grammaticae
886 4335 1109 4391 Germanicae
1131 4337 1223 4406 legem

47 4397 118 4451 elisa
142 4400 191 4453 est.
228 4398 262 4454 61.
283 4400 439 4474 streitberg
457 4404 475 4460 l.
494 4404 513 4458 l.
594 4411 619 4474 3)
648 4405 749 4460 Nescio
773 4422 810 4459 an
832 4409 940 4468 66111166
962 4407 1083 4469 lechone
1110 4412 1223 4480 recepta
