2790 4930
55 298 58 303 <
77 260 275 320 Romanorum
286 265 420 318 sermonis
440 264 589 319 castrensis
608 263 745 334 reliquiae
764 263 899 317 collectae
918 266 946 316 et
964 263 1129 316 illustratae.
1168 262 1232 325 349

59 434 201 493 bandus
220 435 267 493 vel
286 436 441 509 sceptrum.
479 432 596 492 Procb.
607 431 702 490 Vand.
714 432 774 489 Ha
791 423 881 510 (tute.)
900 431 942 488 D:
961 427 998 490 τὸ
1018 430 1146 504 (ημεῑον
1161 427 1180 490 ὃ
1195 426 1233 504 δὴ

62 519 203 598 βάνδον
227 522 356 582 soleto
379 518 537 596 Ῥωμαῖοι.
557 521 595 579 ib.
611 521 641 578 H
658 524 699 580 10
713 541 741 596 p.
758 521 865 594 448,5
886 520 927 577 D:
947 516 965 578 ὸ
990 566 1018 577 ..
1044 515 1081 578 τὸ
1107 518 1235 593 εημεῖον

60 611 119 671 τοῦ
134 611 310 686 (τρατηγοῦ
330 607 365 670 ἐν
385 611 453 671 ταῖς
472 604 683 685 παρατάξεων
702 605 823 670 εἰωθὼς
842 604 962 684 φέρειν,
978 605 1016 668 ὃν
1040 604 1079 681 δὴ
1097 608 1232 683 βανδο·

60 697 186 776 φόρον
209 699 339 761 colosso
357 696 516 774 Ῥωμαῖοι.

60 852 96 941 3)
125 879 349 920 numerorum
372 861 591 919 militarium
619 862 654 918 et
677 878 844 936 generum
872 860 995 935 copias
1018 858 1235 916 instruendi.

153 987 202 1044 13.
222 986 249 1044 b.
268 985 353 1062 Hisp.
374 987 472 1060 30,1:
491 978 614 1064 aquila:
637 984 712 1043 Erat
730 985 807 1042 acies
825 981 899 1040 ΧΙΠ
918 983 1054 1058 aquilis
1073 983 1237 1042 constituta

60 1067 178 1155 (aquito
195 1076 272 1133 idem
289 1075 438 1148 significet
455 1091 491 1132 uc
508 1065 602 1154 lepte).

153 1166 201 1221 14.
224 1162 321 1221 Amm.
345 1163 435 1221 Marc.
455 1162 543 1220 XVlI
568 1164 647 1237 13,9
668 1161 706 1221 G:
731 1153 830 1241 caput
842 1154 950 1240 porei:
970 1179 1019 1218 eos
1035 1206 1039 1216 .
1057 1207 1062 1216 .
1082 1206 1088 1217 .
1107 1162 1234 1236 impera-

58 1252 173 1310 tori...
189 1253 297 1311 acriter
314 1254 502 1310 imminentes
528 1252 679 1311 desinente
704 1253 735 1308 in
759 1250 920 1326 angustum
942 1249 1049 1324 fronte,
1073 1267 1161 1324 quem
1183 1250 1236 1307 ha·

57 1341 157 1399 bitum
171 1343 282 1417 eaput
295 1341 397 1416 porci
411 1341 631 1417 simplicitas
645 1339 820 1398 militaris
837 1337 979 1413 appellat,
993 1339 1107 1414 impetu
1119 1337 1237 1396 disiecit

58 1429 185 1488 ardenti.
205 1429 277 1506 Veg.
297 1430 344 1487 III
360 1432 400 1489 19
419 1450 448 1505 p.
465 1431 538 1503 105,
554 1422 645 1487 61²:
666 1427 781 1486 Guneus
795 1426 905 1485 dicitur
917 1426 1079 1485 multitudo
1093 1427 1237 1502 peditum,

60 1537 138 1593 quae
157 1521 259 1577 iuncta
278 1537 345 1576 cum
364 1519 426 1577 acie
445 1519 542 1595 primo
567 1519 728 1594 angustior,
747 1515 853 1574 deinde
872 1516 963 1573 latior
980 1515 1115 1590 procedit
1134 1519 1164 1575 et
1187 1516 1237 1574 ad·

57 1609 260 1666 versariorum
278 1606 395 1665 ordines
413 1609 533 1682 rumpit.
607 1604 703 1674 Quam
720 1625 784 1664 rem
801 1604 938 1662 milites
956 1606 1112 1662 nominant
1127 1607 1238 1680 caput

56 1713 257 1772 porc1num.

153 1786 203 1843 15.
240 1783 343 1862 Veget.
364 1784 411 1841 HI
432 1786 470 1842 16
491 1804 518 1859 p.
542 1786 618 1858 101,
639 1787 656 1842 9
676 1776 736 1841 le
767 1774 929 1861 drungos:
955 1779 1035 1840 Scire
1059 1782 1118 1839 dur
1142 1780 1236 1857 debet,

59 1876 166 1931 contra
185 1891 259 1948 quos
278 1873 450 1951 drungos,
467 1874 524 1932 hoe
543 1875 588 1932 est
606 1872 718 1949 globos,
736 1871 868 1930 hostium
882 1889 956 1946 quos
971 1873 1085 1947 equites
1100 1873 1238 1946 oporteat

56 1964 139 2038 poni.
178 1960 216 2018 ib.
236 1962 283 2019 HI
304 1963 343 2022 19
363 1982 392 2038 p.
414 1964 477 2021 104
497 1979 545 2036 sq:
570 1960 740 2020 cavendum
763 1959 811 2020 vel
833 1960 969 2034 maxime,
992 1980 1029 2018 ne
1048 1960 1086 2018 ab
1105 1959 1154 2017 ala
1173 1978 1235 2018 cor·

57 2069 160 2126 nuque
175 2051 295 2109 sinistro
311 2096 333 2107 ..
346 2096 351 2106 .
368 2052 421 2108 aut
430 2052 509 2108 certe
523 2049 642 2108 dextro.
655 2096 660 2106 .
672 2050 940 2109 circumveniantur
953 2050 998 2106 tui
1013 2067 1031 2106 a
1044 2047 1236 2107 multitudine

57 2140 191 2198 hostium
211 2141 263 2197 aut
282 2158 300 2196 a
318 2139 497 2216 vagantibus
516 2139 612 2216 globis
620 2132 658 2220 ¹),
677 2158 751 2215 quos
771 2139 873 2198 dieunt
891 2137 1056 2213 drungos.
1095 2138 1130 2209 cf.
1151 2139 1238 2195 etium

57 2228 137 2304 Vop.
156 2227 243 2286 Prob.
265 2229 353 2302 193:
373 2228 581 2304 Triumphavit
599 2229 635 2287 de
655 2227 809 2287 Germanis
834 2228 864 2283 et
883 2225 1045 2300 Blemmyis
1065 2217 1128 2305 (ccl.
1147 2227 1236 2298 impc-

57 2320 142 2375 rator
159 2310 288 2398 Probus)
311 2319 443 2376 omnium
467 2319 600 2394 gentium
624 2317 782 2394 drungos
805 2333 899 2390 usque
918 2304 988 2396 ad2)
1013 2316 1237 2392 quinquagenos

56 2405 196 2464 homines
215 2408 282 2463 ante
300 2406 486 2482 triumphum
502 2407 594 2465 duxit.

465 2576 499 2662 4)
524 2584 681 2642 aliarum
703 2602 831 2642 rerum.
876 2576 889 2599 '

153 2708 204 2765 16.
230 2706 313 2764 Ρ111.
334 2725 369 2764 ex
394 2706 472 2764 Fest.
498 2726 527 2782 p.
553 2708 641 2779 241
669 2706 718 2763 M:
747 2699 827 2765 muli
853 2700 1011 2767 Mariani:
1038 2705 1237 2764 Aerumnulas

58 2795 187 2853 Plautus
206 2795 297 2854 refert
315 2795 459 2869 furcillas,
490 2794 596 2870 quibus
614 2795 757 2870 religatas
782 2796 912 2853 sarcinas
935 2796 1063 2852 viatores
1086 2794 1236 2871 gerebant.

58 2883 193 2952 Quarum
208 2901 295 2942 usum
310 2886 381 2959 quia
396 2882 487 2941 Gaius
496 2883 608 2942 Marius
618 2882 730 2956 retulit,
748 2882 837 2940 Muli
850 2883 1005 2940 Mariani
1018 2884 1123 2959 postea
1137 2883 1237 2957 appel-

58 2972 209 3030 labantur.
241 2971 347 3046 Itaque
362 2986 520 3030 aerumnae
533 2971 650 3030 labores
665 2988 803 3029 onerosos
818 2971 998 3048 significant,
1017 2973 1079 3029 sive
1094 2990 1112 3029 1
1126 2971 1237 3030 Graeco

58 3079 194 3119 sermone
226 3060 427 3119 deducuntur:
459 3079 529 3118 nam
562 3055 663 3135 αἴρειν
699 3059 822 3133 Graece,
849 3059 956 3117 Latine
986 3060 1090 3116 tollere
1120 3060 1237 3118 dicitur.

57 3150 96 3221 cs.
107 3148 191 3206 Paul.
215 3169 243 3225 p.
261 3150 334 3223 148,
345 3151 378 3208 6:
396 3150 486 3207 Muli
500 3150 655 3208 Mariani
675 3149 735 3208 dici
750 3150 846 3208 solent
860 3167 878 3205 a
891 3148 987 3206 Mario
1000 3147 1140 3222 instituti,
1155 3151 1237 3206 cuius

55 3238 170 3296 milites
189 3237 221 3294 in
239 3238 324 3296 furca
337 3240 515 3313 interposita
528 3238 640 3297 tabella
653 3238 816 3297 varicosius
831 3256 920 3296 onera
934 3255 989 3295 sua
1002 3238 1121 3310 portare
1136 3237 1237 3295 adsue·

56 3327 173 3385 verant.
193 3325 270 3384 Fest.
291 3345 319 3401 p.
348 3321 420 3398 149,
437 3326 661 3385 252....a0.
680 3328 758 3386 Maii
776 3325 1048 3386 instituto....in
1066 3325 1150 3382 furca
1169 3328 1238 3384 sunt

56 3416 159 3490 posita
187 3460 192 3470 .
214 3461 219 3471 .
241 3460 246 3470 .
268 3461 273 3471 .
292 3414 394 3472 Front.
419 3416 502 3472 strat.
521 3415 565 3472 IV
586 3417 652 3489 1,7
673 3415 711 3475 G:
745 3414 774 3474 (l.
794 3416 905 3473 Marius
932 3413 1156 3473 recidendorum
1183 3416 1237 3472 im·

56 3502 297 3579 pedimentorum
332 3503 448 3579 gratia,
481 3502 588 3578 quibus
617 3505 744 3560 maxime
775 3505 918 3562 exereitus
953 3522 1058 3580 agmen
1089 3504 1238 3577 oneratur,

57 3609 133 3651 vasa
147 3593 177 3649 et
191 3590 303 3650 cibaria
320 3592 426 3650 militis
445 3593 477 3650 in
495 3591 651 3650 fasciculos
671 3593 774 3666 aptata
792 3591 883 3649 fineis
902 3591 1043 3666 inposuit,
1062 3591 1115 3650 sub
1130 3591 1237 3667 quibus

57 3682 90 3739 et
112 3679 212 3736 habile
231 3699 304 3738 onus
328 3683 358 3737 et
380 3680 477 3739 facilis
499 3683 615 3757 requies
639 3682 727 3739 esset:
750 3680 828 3737 unde
847 3682 877 3737 et
894 3680 1084 3755 proverbium
1107 3683 1237 3739 tractum

57 3769 105 3827 est
124 3761 227 3825 ‘muli
245 3763 424 3827 Mariani'.
453 3768 531 3828 Plut.
551 3770 624 3829 Mar.
646 3771 686 3828 13
703 3768 736 3828 S:
751 3765 856 3848 ἑαυτῷ
871 3766 907 3827 δὲ
922 3764 1121 3843 ἀχθοφορεῑν
1138 3764 1235 3839 ἀναγ-

58 3851 167 3917 κάζων
187 3853 238 3915 καὶ
257 3853 449 3930 αὐτουργεῖν
468 3853 508 3916 τὰ
526 3855 608 3932 πρὸ(
627 3854 686 3932 τὴν
711 3854 835 3917 δίαιταν
860 3852 950 3933 ὥετεΙ
964 3855 1015 3917 καὶ
1038 3853 1116 3931 μετὰ
1135 3857 1237 3917 ταῦτα

58 3941 137 4004 τοὺ(
156 3942 359 4018 φιλοπόνου(
379 3942 429 4005 καὶ
449 3947 549 4024 (ιωπῇ
569 3941 634 4019 μετ’
654 3942 800 4006 εὐκολία(
823 3943 863 4006 τὰ
882 3942 1141 4020 πραετααόμενα
1165 3962 1235 4004 ποι-

60 4032 179 4092 οῦντα(
196 4029 383 4107 ἡμιόνου(
403 4031 628 4109 Μαριανοὺ(
647 4034 815 4095 καλεῐεθαι.

152 4124 202 4181 17.
226 4121 325 4181 Varr.
345 4123 364 4180 l.
383 4123 403 4181 l.
422 4123 450 4179 V
466 4126 526 4182 121
545 4122 599 4199 Sp:
614 4117 819 4185 oilibantum:
844 4123 947 4181 Mensa
969 4123 1086 4179 vinaria
1109 4124 1237 4182 rotunda

60 4229 275 4242 -ὴ--ι-α-

152 4293 178 4361 1)
202 4295 253 4345 aut
272 4308 290 4346 a
307 4291 476 4359 vagantibus
496 4292 588 4359 globis
603 4293 722 4361 plurimi
740 4292 881 4358 deterioris
899 4290 975 4344 class.
996 4292 1046 4344 aut
1069 4290 1105 4344 ab
1124 4291 1237 4345 hortan-

60 4363 138 4416 tibus
156 4361 249 4431 globis
267 4380 341 4417 wnus
355 4380 369 4418 e
382 4363 511 4417 deteriore
529 4365 613 4418 classe
632 4364 724 4430 (setl'l
738 4389 771 4408 =
787 4362 948 4427 Palatinus)
969 4362 1168 4431 evagantibus
1188 4365 1237 4416 aut

62 4433 155 4502 globis
174 4434 268 4489 arctior
286 4436 362 4489 class.
438 4434 464 4493 21
484 4436 569 4501 atque
588 4433 822 4503 B(umberpeasis)
843 4434 873 4487 at
891 4433 1076 4505 P(ulatinas).
