<?xml version="1.0" encoding="UTF-8"?>
<!DOCTYPE html PUBLIC "-//W3C//DTD XHTML 1.0 Transitional//EN"
    "http://www.w3.org/TR/xhtml1/DTD/xhtml1-transitional.dtd">
<html xmlns="http://www.w3.org/1999/xhtml" xml:lang="en" lang="en">
 <head>
  <title>
</title>
<meta http-equiv="Content-Type" content="text/html;charset=utf-8" />
  <meta name='ocr-system' content='tesseract 3.04.00' />
  <meta name='ocr-capabilities' content='ocr_page ocr_carea ocr_par ocr_line ocrx_word'/>
</head>
<body>
  <div class='ocr_page' id='page_1' title='image "./romanorumsermon00kempgoog_0023.png"; bbox 0 0 2790 4930; ppageno 0'>
   <div class='ocr_carea' id='block_1_1' title="bbox 108 181 865 293">
    <p class='ocr_par' dir='ltr' id='par_1_1' title="bbox 108 181 865 293">
     <span class='ocr_line' id='line_1_1' title="bbox 108 181 865 293; baseline 0.001 -16"><span class='ocrx_word' id='word_1_1' title='bbox 108 181 113 187; x_wconf 57' lang='grc'><strong><em>’</em></strong></span> <span class='ocrx_word' id='word_1_2' title='bbox 174 221 237 289; x_wconf 83' lang='lat'><strong>356</strong></span> <span class='ocrx_word' id='word_1_3' title='bbox 656 223 680 277; x_wconf 85' lang='lat' dir='ltr'><strong>J.</strong></span> <span class='ocrx_word' id='word_1_4' title='bbox 701 222 732 278; x_wconf 83' lang='grc' dir='ltr'><strong>α.</strong></span> <span class='ocrx_word' id='word_1_5' title='bbox 751 222 865 293; x_wconf 71' lang='lat' dir='ltr'><strong>sempr:</strong></span> 
     </span>
    </p>
   </div>
   <div class='ocr_carea' id='block_1_2' title="bbox 128 419 1297 497">
    <p class='ocr_par' dir='ltr' id='par_1_2' title="bbox 128 419 1297 497">
     <span class='ocr_line' id='line_1_2' title="bbox 128 419 1297 497; baseline 0 -24"><span class='ocrx_word' id='word_1_6' title='bbox 128 487 133 497; x_wconf 26' lang='grc' dir='ltr'>ι</span> <span class='ocrx_word' id='word_1_7' title='bbox 218 421 250 489; x_wconf 82' lang='lat' dir='ltr'><strong>b)</strong></span> <span class='ocrx_word' id='word_1_8' title='bbox 270 421 473 488; x_wconf 81' lang='lat' dir='ltr'><strong>cognomina</strong></span> <span class='ocrx_word' id='word_1_9' title='bbox 491 436 550 490; x_wconf 89' lang='lat' dir='ltr'><strong>per</strong></span> <span class='ocrx_word' id='word_1_10' title='bbox 568 420 795 486; x_wconf 75' lang='lat' dir='ltr'><strong>occasionem,</strong></span> <span class='ocrx_word' id='word_1_11' title='bbox 814 436 879 473; x_wconf 89' lang='lat' dir='ltr'><strong>non</strong></span> <span class='ocrx_word' id='word_1_12' title='bbox 898 419 933 472; x_wconf 92' lang='lat' dir='ltr'><strong>in</strong></span> <span class='ocrx_word' id='word_1_13' title='bbox 951 421 1154 489; x_wconf 88' lang='lat' dir='ltr'><strong>perpetuum</strong></span> <span class='ocrx_word' id='word_1_14' title='bbox 1172 419 1297 474; x_wconf 88' lang='lat' dir='ltr'><strong>indita.</strong></span> 
     </span>
    </p>
   </div>
   <div class='ocr_carea' id='block_1_3' title="bbox 172 526 1385 4072">
    <p class='ocr_par' dir='ltr' id='par_1_3' title="bbox 173 526 1354 965">
     <span class='ocr_line' id='line_1_3' title="bbox 264 526 1353 615; baseline 0.001 -22"><span class='ocrx_word' id='word_1_15' title='bbox 264 537 314 594; x_wconf 83' lang='lat'><strong>68.</strong></span> <span class='ocrx_word' id='word_1_16' title='bbox 347 536 424 611; x_wconf 82' lang='lat' dir='ltr'><strong>App.</strong></span> <span class='ocrx_word' id='word_1_17' title='bbox 457 536 558 593; x_wconf 87' lang='lat' dir='ltr'><strong>Mithr.</strong></span> <span class='ocrx_word' id='word_1_18' title='bbox 588 537 628 596; x_wconf 85' lang='grc'><strong>59</strong></span> <span class='ocrx_word' id='word_1_19' title='bbox 658 526 756 615; x_wconf 76' lang='lat' dir='ltr'><strong>(ectr.)</strong></span> <span class='ocrx_word' id='word_1_20' title='bbox 784 535 828 594; x_wconf 89' lang='lat' dir='ltr'><strong>M:</strong></span> <span class='ocrx_word' id='word_1_21' title='bbox 857 528 1012 595; x_wconf 82' lang='lat' dir='ltr'><strong>Athenio:</strong></span> <span class='ocrx_word' id='word_1_22' title='bbox 1041 529 1213 608; x_wconf 77' lang='lat' dir='ltr'><strong>beroart(</strong></span> <span class='ocrx_word' id='word_1_23' title='bbox 1241 530 1260 593; x_wconf 86' lang='grc' dir='ltr'>ὁ</span> <span class='ocrx_word' id='word_1_24' title='bbox 1291 535 1353 594; x_wconf 79' lang='grc' dir='ltr'><strong>τοῦ</strong></span> 
     </span>
     <span class='ocr_line' id='line_1_4' title="bbox 177 618 1353 702; baseline -0.001 -19"><span class='ocrx_word' id='word_1_25' title='bbox 177 620 286 683; x_wconf 80' lang='grc' dir='ltr'>Σύλλα</span> <span class='ocrx_word' id='word_1_26' title='bbox 312 621 369 683; x_wconf 79' lang='grc' dir='ltr'><strong>(ὺν</strong></span> <span class='ocrx_word' id='word_1_27' title='bbox 395 620 475 702; x_wconf 85' lang='grc' dir='ltr'>ὀργῇ</span> <span class='ocrx_word' id='word_1_28' title='bbox 504 620 555 683; x_wconf 89' lang='grc' dir='ltr'><strong>καὶ</strong></span> <span class='ocrx_word' id='word_1_29' title='bbox 580 620 816 698; x_wconf 78' lang='grc' dir='ltr'>καταφρονήεει</span> <span class='ocrx_word' id='word_1_30' title='bbox 835 618 1038 697; x_wconf 77' lang='grc' dir='ltr'>περιετάντε(</span> <span class='ocrx_word' id='word_1_31' title='bbox 1057 620 1095 682; x_wconf 89' lang='grc' dir='ltr'><strong>τὸ</strong></span> <span class='ocrx_word' id='word_1_32' title='bbox 1115 623 1173 683; x_wconf 82' lang='grc' dir='ltr'><strong>τοῦ</strong></span> <span class='ocrx_word' id='word_1_33' title='bbox 1192 620 1353 698; x_wconf 88' lang='grc' dir='ltr'>Φιμβρίου</span> 
     </span>
     <span class='ocr_line' id='line_1_5' title="bbox 175 707 1354 787; baseline 0 -15"><span class='ocrx_word' id='word_1_34' title='bbox 175 709 349 787; x_wconf 84' lang='grc' dir='ltr'>χαράκωμα</span> <span class='ocrx_word' id='word_1_35' title='bbox 373 708 623 786; x_wconf 75' lang='grc' dir='ltr'>κατελοιαόρουν</span> <span class='ocrx_word' id='word_1_36' title='bbox 642 708 742 771; x_wconf 86' lang='grc' dir='ltr'>αὐτὸν</span> <span class='ocrx_word' id='word_1_37' title='bbox 761 709 812 770; x_wconf 89' lang='grc' dir='ltr'><strong>καὶ</strong></span> <span class='ocrx_word' id='word_1_38' title='bbox 826 707 1004 784; x_wconf 84' lang='grc' dir='ltr'>Ἀθηνίωνα</span> <span class='ocrx_word' id='word_1_39' title='bbox 1018 708 1165 782; x_wconf 81' lang='grc' dir='ltr'>ἐκάλουν,</span> <span class='ocrx_word' id='word_1_40' title='bbox 1179 709 1216 772; x_wconf 80' lang='grc' dir='ltr'><strong>ὃ(</strong></span> <span class='ocrx_word' id='word_1_41' title='bbox 1230 712 1354 786; x_wconf 74' lang='grc' dir='ltr'>δραπε-</span> 
     </span>
     <span class='ocr_line' id='line_1_6' title="bbox 173 796 1353 879; baseline 0.001 -19"><span class='ocrx_word' id='word_1_42' title='bbox 173 802 240 861; x_wconf 85' lang='grc' dir='ltr'><strong>τῶν</strong></span> <span class='ocrx_word' id='word_1_43' title='bbox 273 801 339 860; x_wconf 82' lang='grc' dir='ltr'><strong>τῶν</strong></span> <span class='ocrx_word' id='word_1_44' title='bbox 372 797 408 860; x_wconf 90' lang='grc' dir='ltr'><strong>ἐν</strong></span> <span class='ocrx_word' id='word_1_45' title='bbox 441 797 569 879; x_wconf 86' lang='grc' dir='ltr'>Σικελίᾳ</span> <span class='ocrx_word' id='word_1_46' title='bbox 601 798 681 860; x_wconf 79' lang='grc' dir='ltr'>ποτὲ</span> <span class='ocrx_word' id='word_1_47' title='bbox 713 796 925 860; x_wconf 68' lang='grc' dir='ltr'>ἀποκτάντων</span> <span class='ocrx_word' id='word_1_48' title='bbox 956 796 1146 875; x_wconf 82' lang='grc' dir='ltr'>ὀλιγήμερο(</span> <span class='ocrx_word' id='word_1_49' title='bbox 1176 797 1353 875; x_wconf 86' lang='grc' dir='ltr'>ἐγεγένητο</span> 
     </span>
     <span class='ocr_line' id='line_1_7' title="bbox 176 886 327 965; baseline -0.007 -16"><span class='ocrx_word' id='word_1_50' title='bbox 176 886 327 965; x_wconf 76' lang='grc' dir='ltr'>βαειλεύε.</span> 
     </span>
    </p>

    <p class='ocr_par' dir='ltr' id='par_1_4' title="bbox 172 969 1385 1489">
     <span class='ocr_line' id='line_1_8' title="bbox 264 969 1354 1065; baseline 0.001 -28"><span class='ocrx_word' id='word_1_51' title='bbox 264 980 315 1065; x_wconf 65' lang='lat'><strong>99.</strong></span> <span class='ocrx_word' id='word_1_52' title='bbox 340 977 419 1036; x_wconf 81' lang='lat' dir='ltr'><strong>Suet.</strong></span> <span class='ocrx_word' id='word_1_53' title='bbox 439 978 504 1036; x_wconf 86' lang='lat' dir='ltr'><strong>Tib.</strong></span> <span class='ocrx_word' id='word_1_54' title='bbox 525 980 565 1036; x_wconf 88' lang='grc'><em>42</em></span> <span class='ocrx_word' id='word_1_55' title='bbox 586 969 688 1057; x_wconf 79' lang='lat' dir='ltr'><strong>(med.)</strong></span> <span class='ocrx_word' id='word_1_56' title='bbox 707 978 747 1036; x_wconf 86' lang='lat' dir='ltr'><strong>R:</strong></span> <span class='ocrx_word' id='word_1_57' title='bbox 765 971 915 1038; x_wconf 88' lang='lat' dir='ltr'><strong>Biberius</strong></span> <span class='ocrx_word' id='word_1_58' title='bbox 931 972 1061 1038; x_wconf 80' lang='lat' dir='ltr'><strong>caldius</strong></span> <span class='ocrx_word' id='word_1_59' title='bbox 1075 973 1177 1040; x_wconf 89' lang='lat' dir='ltr'><strong>llere:</strong></span> <span class='ocrx_word' id='word_1_60' title='bbox 1192 979 1228 1036; x_wconf 89' lang='lat' dir='ltr'><strong>In</strong></span> <span class='ocrx_word' id='word_1_61' title='bbox 1242 980 1354 1038; x_wconf 69' lang='lat' dir='ltr'><strong>casas</strong></span> 
     </span>
     <span class='ocr_line' id='line_1_9' title="bbox 173 1058 1355 1148; baseline 0 -23"><span class='ocrx_word' id='word_1_62' title='bbox 173 1069 234 1125; x_wconf 88' lang='lat' dir='ltr'><strong>tiro</strong></span> <span class='ocrx_word' id='word_1_63' title='bbox 255 1068 347 1125; x_wconf 89' lang='lat' dir='ltr'><strong>etiam</strong></span> <span class='ocrx_word' id='word_1_64' title='bbox 364 1068 429 1125; x_wconf 91' lang='lat' dir='ltr'><strong>tum</strong></span> <span class='ocrx_word' id='word_1_65' title='bbox 448 1058 510 1146; x_wconf 81' lang='lat' dir='ltr'><strong>(sol.</strong></span> <span class='ocrx_word' id='word_1_66' title='bbox 528 1067 661 1124; x_wconf 79' lang='lat' dir='ltr'><strong>Tiberias</strong></span> <span class='ocrx_word' id='word_1_67' title='bbox 678 1065 822 1125; x_wconf 74' lang='lat' dir='ltr'><strong>Claudius</strong></span> <span class='ocrx_word' id='word_1_68' title='bbox 835 1067 915 1125; x_wconf 86' lang='lat' dir='ltr'><strong>Nero</strong></span> <span class='ocrx_word' id='word_1_69' title='bbox 924 1071 1028 1140; x_wconf 81' lang='lat' dir='ltr'><strong>postca</strong></span> <span class='ocrx_word' id='word_1_70' title='bbox 1040 1059 1212 1148; x_wconf 77' lang='lat' dir='ltr'><strong>imperator)</strong></span> <span class='ocrx_word' id='word_1_71' title='bbox 1226 1070 1355 1143; x_wconf 84' lang='lat' dir='ltr'><strong>propter</strong></span> 
     </span>
     <span class='ocr_line' id='line_1_10' title="bbox 172 1154 1354 1230; baseline 0 -17"><span class='ocrx_word' id='word_1_72' title='bbox 172 1158 299 1213; x_wconf 82' lang='lat' dir='ltr'><strong>nimiam</strong></span> <span class='ocrx_word' id='word_1_73' title='bbox 323 1156 386 1214; x_wconf 86' lang='lat' dir='ltr'><strong>vini</strong></span> <span class='ocrx_word' id='word_1_74' title='bbox 406 1155 582 1213; x_wconf 87' lang='lat' dir='ltr'><strong>aviditatem</strong></span> <span class='ocrx_word' id='word_1_75' title='bbox 604 1173 658 1230; x_wconf 89' lang='lat' dir='ltr'><strong>pro</strong></span> <span class='ocrx_word' id='word_1_76' title='bbox 682 1154 801 1213; x_wconf 88' lang='lat' dir='ltr'><strong>Tiberio</strong></span> <span class='ocrx_word' id='word_1_77' title='bbox 824 1155 1007 1229; x_wconf 89' lang='lat' dir='ltr'><strong>Biberius,</strong></span> <span class='ocrx_word' id='word_1_78' title='bbox 1033 1175 1087 1230; x_wconf 89' lang='lat' dir='ltr'><strong>pro</strong></span> <span class='ocrx_word' id='word_1_79' title='bbox 1116 1154 1239 1214; x_wconf 74' lang='lat' dir='ltr'><strong>Claudio</strong></span> <span class='ocrx_word' id='word_1_80' title='bbox 1270 1154 1354 1214; x_wconf 78' lang='lat' dir='ltr'><strong>Gal-</strong></span> 
     </span>
     <span class='ocr_line' id='line_1_11' title="bbox 173 1243 1355 1320; baseline 0 -17"><span class='ocrx_word' id='word_1_81' title='bbox 173 1245 266 1318; x_wconf 88' lang='lat' dir='ltr'><strong>dius,</strong></span> <span class='ocrx_word' id='word_1_82' title='bbox 284 1261 339 1320; x_wconf 93' lang='lat' dir='ltr'><strong>pro</strong></span> <span class='ocrx_word' id='word_1_83' title='bbox 358 1245 475 1302; x_wconf 86' lang='lat' dir='ltr'><strong>Nerone</strong></span> <span class='ocrx_word' id='word_1_84' title='bbox 494 1245 588 1302; x_wconf 91' lang='lat' dir='ltr'><strong>Mero</strong></span> <span class='ocrx_word' id='word_1_85' title='bbox 607 1244 779 1301; x_wconf 89' lang='lat' dir='ltr'><strong>vocabatur.</strong></span> <span class='ocrx_word' id='word_1_86' title='bbox 803 1246 839 1316; x_wconf 80' lang='lat' dir='ltr'><strong>cf.</strong></span> <span class='ocrx_word' id='word_1_87' title='bbox 858 1243 930 1302; x_wconf 86' lang='lat' dir='ltr'><strong>Aur.</strong></span> <span class='ocrx_word' id='word_1_88' title='bbox 950 1243 1027 1303; x_wconf 84' lang='lat' dir='ltr'><strong>Vict.</strong></span> <span class='ocrx_word' id='word_1_89' title='bbox 1048 1263 1091 1319; x_wconf 87' lang='lat' dir='ltr'><strong>ep.</strong></span> <span class='ocrx_word' id='word_1_90' title='bbox 1113 1247 1146 1318; x_wconf 84' lang='grc'><em>2,</em></span> <span class='ocrx_word' id='word_1_91' title='bbox 1166 1247 1184 1301; x_wconf 85' lang='grc'><em>2</em></span> <span class='ocrx_word' id='word_1_92' title='bbox 1205 1243 1259 1303; x_wconf 79' lang='lat' dir='ltr'><strong>Grt</strong></span> <span class='ocrx_word' id='word_1_93' title='bbox 1282 1245 1355 1317; x_wconf 90' lang='lat' dir='ltr'><strong>Iste,</strong></span> 
     </span>
     <span class='ocr_line' id='line_1_12' title="bbox 173 1332 1354 1410; baseline 0 -19"><span class='ocrx_word' id='word_1_94' title='bbox 173 1336 244 1409; x_wconf 88' lang='lat' dir='ltr'><strong>quia</strong></span> <span class='ocrx_word' id='word_1_95' title='bbox 264 1332 405 1391; x_wconf 80' lang='lat' dir='ltr'><strong>Claudius</strong></span> <span class='ocrx_word' id='word_1_96' title='bbox 425 1333 560 1391; x_wconf 87' lang='lat' dir='ltr'><strong>Tiberius</strong></span> <span class='ocrx_word' id='word_1_97' title='bbox 579 1333 658 1390; x_wconf 89' lang='lat' dir='ltr'><strong>Nero</strong></span> <span class='ocrx_word' id='word_1_98' title='bbox 678 1332 840 1407; x_wconf 79' lang='lat' dir='ltr'><strong>dicebatur,</strong></span> <span class='ocrx_word' id='word_1_99' title='bbox 860 1333 1011 1410; x_wconf 85' lang='lat' dir='ltr'><strong>eleganter</strong></span> <span class='ocrx_word' id='word_1_100' title='bbox 1029 1352 1047 1391; x_wconf 89' lang='lat' dir='ltr'><strong>a</strong></span> <span class='ocrx_word' id='word_1_101' title='bbox 1065 1333 1246 1391; x_wconf 88' lang='lat' dir='ltr'><strong>iocularibus</strong></span> <span class='ocrx_word' id='word_1_102' title='bbox 1268 1332 1354 1391; x_wconf 80' lang='lat' dir='ltr'><strong>Gal·</strong></span> 
     </span>
     <span class='ocr_line' id='line_1_13' title="bbox 174 1420 1385 1489; baseline 0 -10"><span class='ocrx_word' id='word_1_103' title='bbox 174 1423 253 1480; x_wconf 92' lang='lat' dir='ltr'><strong>dius</strong></span> <span class='ocrx_word' id='word_1_104' title='bbox 272 1420 439 1480; x_wconf 87' lang='lat' dir='ltr'><strong>Biberius</strong></span> <span class='ocrx_word' id='word_1_105' title='bbox 459 1422 555 1480; x_wconf 90' lang='lat' dir='ltr'><strong>Mero</strong></span> <span class='ocrx_word' id='word_1_106' title='bbox 574 1421 611 1479; x_wconf 94' lang='lat' dir='ltr'><strong>ob</strong></span> <span class='ocrx_word' id='word_1_107' title='bbox 630 1421 824 1480; x_wconf 72' lang='lat' dir='ltr'><strong>vinolentiam</strong></span> <span class='ocrx_word' id='word_1_108' title='bbox 842 1423 1011 1480; x_wconf 84' lang='lat' dir='ltr'><strong>nominatus</strong></span> <span class='ocrx_word' id='word_1_109' title='bbox 1031 1425 1083 1480; x_wconf 86' lang='lat' dir='ltr'><strong>est.</strong></span> <span class='ocrx_word' id='word_1_110' title='bbox 1384 1484 1385 1489; x_wconf 7' lang='grc' dir='ltr'>ἵ</span> 
     </span>
    </p>

    <p class='ocr_par' dir='ltr' id='par_1_5' title="bbox 173 1501 1357 1858">
     <span class='ocr_line' id='line_1_14' title="bbox 265 1501 1354 1590; baseline 0.002 -22"><span class='ocrx_word' id='word_1_111' title='bbox 265 1513 314 1569; x_wconf 83' lang='grc'><strong>70.</strong></span> <span class='ocrx_word' id='word_1_112' title='bbox 343 1511 411 1568; x_wconf 87' lang='lat' dir='ltr'><strong>Tac.</strong></span> <span class='ocrx_word' id='word_1_113' title='bbox 431 1510 499 1568; x_wconf 88' lang='lat' dir='ltr'><strong>hist.</strong></span> <span class='ocrx_word' id='word_1_114' title='bbox 519 1510 534 1566; x_wconf 92' lang='grc' dir='ltr'>Ι</span> <span class='ocrx_word' id='word_1_115' title='bbox 555 1511 595 1567; x_wconf 78' lang='grc'><strong>78</strong></span> <span class='ocrx_word' id='word_1_116' title='bbox 622 1501 719 1590; x_wconf 74' lang='lat' dir='ltr'><strong>(ectr.)</strong></span> <span class='ocrx_word' id='word_1_117' title='bbox 739 1508 840 1570; x_wconf 83' lang='lat' dir='ltr'><strong>o-M:</strong></span> <span class='ocrx_word' id='word_1_118' title='bbox 863 1503 947 1571; x_wconf 79' lang='lat' dir='ltr'><strong>Nero</strong></span> <span class='ocrx_word' id='word_1_119' title='bbox 967 1503 1062 1570; x_wconf 77' lang='lat' dir='ltr'><strong>etho:</strong></span> <span class='ocrx_word' id='word_1_120' title='bbox 1091 1508 1202 1569; x_wconf 88' lang='lat' dir='ltr'><strong>Othoni</strong></span> <span class='ocrx_word' id='word_1_121' title='bbox 1230 1511 1354 1585; x_wconf 89' lang='lat' dir='ltr'><strong>quibus-</strong></span> 
     </span>
     <span class='ocr_line' id='line_1_15' title="bbox 173 1598 1357 1674; baseline 0 -17"><span class='ocrx_word' id='word_1_122' title='bbox 173 1600 243 1657; x_wconf 89' lang='lat' dir='ltr'><strong>dam</strong></span> <span class='ocrx_word' id='word_1_123' title='bbox 261 1599 363 1658; x_wconf 88' lang='lat' dir='ltr'><strong>diebus</strong></span> <span class='ocrx_word' id='word_1_124' title='bbox 377 1599 505 1674; x_wconf 91' lang='lat' dir='ltr'><strong>populus</strong></span> <span class='ocrx_word' id='word_1_125' title='bbox 525 1601 555 1657; x_wconf 89' lang='lat' dir='ltr'><strong>et</strong></span> <span class='ocrx_word' id='word_1_126' title='bbox 572 1598 658 1656; x_wconf 90' lang='lat' dir='ltr'><strong>miles</strong></span> <span class='ocrx_word' id='word_1_127' title='bbox 672 1600 817 1673; x_wconf 91' lang='lat' dir='ltr'><strong>tanquam</strong></span> <span class='ocrx_word' id='word_1_128' title='bbox 831 1598 1019 1658; x_wconf 75' lang='lat' dir='ltr'><strong>nobilitatem</strong></span> <span class='ocrx_word' id='word_1_129' title='bbox 1033 1617 1068 1658; x_wconf 89' lang='lat' dir='ltr'><strong>ac</strong></span> <span class='ocrx_word' id='word_1_130' title='bbox 1078 1600 1165 1658; x_wconf 86' lang='lat' dir='ltr'><strong>decus</strong></span> <span class='ocrx_word' id='word_1_131' title='bbox 1176 1601 1357 1672; x_wconf 88' lang='lat' dir='ltr'><strong>astruerent,</strong></span> 
     </span>
     <span class='ocr_line' id='line_1_16' title="bbox 173 1679 1356 1768; baseline 0 -22"><span class='ocrx_word' id='word_1_132' title='bbox 173 1689 307 1746; x_wconf 89' lang='lat' dir='ltr'><strong>Neroni</strong></span> <span class='ocrx_word' id='word_1_133' title='bbox 326 1687 458 1746; x_wconf 85' lang='lat' dir='ltr'><strong>Othoni</strong></span> <span class='ocrx_word' id='word_1_134' title='bbox 477 1687 662 1746; x_wconf 86' lang='lat' dir='ltr'><strong>acclamavit.</strong></span> <span class='ocrx_word' id='word_1_135' title='bbox 687 1688 723 1759; x_wconf 76' lang='lat' dir='ltr'><strong>cf.</strong></span> <span class='ocrx_word' id='word_1_136' title='bbox 738 1686 917 1745; x_wconf 71' lang='lat' dir='ltr'><strong>saerata?</strong></span> <span class='ocrx_word' id='word_1_137' title='bbox 933 1679 1025 1768; x_wconf 67' lang='lat' dir='ltr'><strong>(batt.)</strong></span> <span class='ocrx_word' id='word_1_138' title='bbox 1039 1688 1078 1749; x_wconf 87' lang='lat' dir='ltr'><strong>R:</strong></span> <span class='ocrx_word' id='word_1_139' title='bbox 1097 1688 1134 1745; x_wconf 89' lang='lat' dir='ltr'><strong>ab</strong></span> <span class='ocrx_word' id='word_1_140' title='bbox 1148 1688 1252 1746; x_wconf 89' lang='lat' dir='ltr'><strong>infima</strong></span> <span class='ocrx_word' id='word_1_141' title='bbox 1265 1689 1356 1762; x_wconf 89' lang='lat' dir='ltr'><strong>plebe</strong></span> 
     </span>
     <span class='ocr_line' id='line_1_17' title="bbox 174 1768 1243 1858; baseline 0 -24"><span class='ocrx_word' id='word_1_142' title='bbox 174 1777 342 1852; x_wconf 85' lang='lat' dir='ltr'><strong>appellatus</strong></span> <span class='ocrx_word' id='word_1_143' title='bbox 360 1776 389 1833; x_wconf 86' lang='grc' dir='ltr'>Ν</span> <span class='ocrx_word' id='word_1_144' title='bbox 395 1795 456 1834; x_wconf 89' lang='lat' dir='ltr'><strong>ero</strong></span> <span class='ocrx_word' id='word_1_145' title='bbox 479 1768 541 1857; x_wconf 83' lang='lat' dir='ltr'><strong>(sol.</strong></span> <span class='ocrx_word' id='word_1_146' title='bbox 563 1768 648 1858; x_wconf 81' lang='lat' dir='ltr'><strong>Otto)</strong></span> <span class='ocrx_word' id='word_1_147' title='bbox 671 1776 787 1833; x_wconf 88' lang='lat' dir='ltr'><strong>nullum</strong></span> <span class='ocrx_word' id='word_1_148' title='bbox 809 1776 951 1834; x_wconf 89' lang='lat' dir='ltr'><strong>indicium</strong></span> <span class='ocrx_word' id='word_1_149' title='bbox 969 1779 1133 1835; x_wconf 87' lang='lat' dir='ltr'><strong>recusantis</strong></span> <span class='ocrx_word' id='word_1_150' title='bbox 1153 1776 1243 1834; x_wconf 89' lang='lat' dir='ltr'><strong>dedit.</strong></span> 
     </span>
    </p>

    <p class='ocr_par' dir='ltr' id='par_1_6' title="bbox 172 1857 1358 2740">
     <span class='ocr_line' id='line_1_18' title="bbox 265 1857 1356 1943; baseline 0.003 -20"><span class='ocrx_word' id='word_1_151' title='bbox 265 1868 314 1923; x_wconf 83' lang='lat'><strong>71.</strong></span> <span class='ocrx_word' id='word_1_152' title='bbox 342 1864 461 1940; x_wconf 80' lang='lat' dir='ltr'><strong>Lampr.</strong></span> <span class='ocrx_word' id='word_1_153' title='bbox 486 1865 604 1943; x_wconf 81' lang='lat' dir='ltr'><strong>Heiiog.</strong></span> <span class='ocrx_word' id='word_1_154' title='bbox 633 1867 687 1939; x_wconf 82' lang='lat'><strong>17,</strong></span> <span class='ocrx_word' id='word_1_155' title='bbox 715 1857 893 1925; x_wconf 69' lang='lat' dir='ltr'>1-5P21</span> <span class='ocrx_word' id='word_1_156' title='bbox 922 1858 1093 1926; x_wconf 87' lang='lat' dir='ltr'><strong>Tiberinus</strong></span> <span class='ocrx_word' id='word_1_157' title='bbox 1119 1858 1356 1926; x_wconf 73' lang='lat' dir='ltr'><strong>Tractaticius:</strong></span> 
     </span>
     <span class='ocr_line' id='line_1_19' title="bbox 175 1948 1357 2033; baseline 0 -21"><span class='ocrx_word' id='word_1_158' title='bbox 175 1948 413 2033; x_wconf 68' lang='lat' dir='ltr'><strong>[Heliacabalas]</strong></span> <span class='ocrx_word' id='word_1_159' title='bbox 433 1955 547 2012; x_wconf 89' lang='lat' dir='ltr'><strong>tractus</strong></span> <span class='ocrx_word' id='word_1_160' title='bbox 567 1999 596 2013; x_wconf 89' lang='lat'><strong>..</strong></span> <span class='ocrx_word' id='word_1_161' title='bbox 615 1973 668 2029; x_wconf 90' lang='lat' dir='ltr'><strong>per</strong></span> <span class='ocrx_word' id='word_1_162' title='bbox 685 1954 846 2029; x_wconf 88' lang='lat' dir='ltr'><strong>publicum.</strong></span> <span class='ocrx_word' id='word_1_163' title='bbox 883 1952 997 2011; x_wconf 87' lang='lat' dir='ltr'><strong>Addita</strong></span> <span class='ocrx_word' id='word_1_164' title='bbox 1015 1956 1125 2012; x_wconf 90' lang='lat' dir='ltr'><strong>iniuria</strong></span> <span class='ocrx_word' id='word_1_165' title='bbox 1143 1954 1284 2012; x_wconf 86' lang='lat' dir='ltr'><strong>cadaveri</strong></span> <span class='ocrx_word' id='word_1_166' title='bbox 1303 1957 1357 2028; x_wconf 87' lang='lat' dir='ltr'><strong>est,</strong></span> 
     </span>
     <span class='ocr_line' id='line_1_20' title="bbox 173 2042 1356 2101; baseline -0.003 0"><span class='ocrx_word' id='word_1_167' title='bbox 173 2045 208 2101; x_wconf 92' lang='lat' dir='ltr'><strong>ut</strong></span> <span class='ocrx_word' id='word_1_168' title='bbox 233 2044 264 2101; x_wconf 91' lang='lat' dir='ltr'><strong>id</strong></span> <span class='ocrx_word' id='word_1_169' title='bbox 289 2045 322 2100; x_wconf 89' lang='lat' dir='ltr'><strong>in</strong></span> <span class='ocrx_word' id='word_1_170' title='bbox 347 2043 478 2101; x_wconf 89' lang='lat' dir='ltr'><strong>cloacam</strong></span> <span class='ocrx_word' id='word_1_171' title='bbox 504 2042 614 2101; x_wconf 84' lang='lat' dir='ltr'><strong>milites</strong></span> <span class='ocrx_word' id='word_1_172' title='bbox 641 2044 842 2101; x_wconf 90' lang='lat' dir='ltr'><strong>mitterent..</strong></span> <span class='ocrx_word' id='word_1_173' title='bbox 866 2044 898 2100; x_wconf 88' lang='lat' dir='ltr'><strong>in</strong></span> <span class='ocrx_word' id='word_1_174' title='bbox 926 2043 1056 2101; x_wconf 81' lang='lat' dir='ltr'><strong>Tiberim</strong></span> <span class='ocrx_word' id='word_1_175' title='bbox 1084 2044 1234 2101; x_wconf 86' lang='lat' dir='ltr'><strong>abiectum</strong></span> <span class='ocrx_word' id='word_1_176' title='bbox 1259 2045 1311 2101; x_wconf 88' lang='lat' dir='ltr'><strong>est</strong></span> <span class='ocrx_word' id='word_1_177' title='bbox 1330 2089 1356 2100; x_wconf 87' lang='lat'><strong>..</strong></span> 
     </span>
     <span class='ocr_line' id='line_1_21' title="bbox 172 2131 1358 2208; baseline 0 -19"><span class='ocrx_word' id='word_1_178' title='bbox 172 2133 305 2190; x_wconf 88' lang='lat' dir='ltr'><strong>tractum</strong></span> <span class='ocrx_word' id='word_1_179' title='bbox 323 2132 368 2189; x_wconf 87' lang='lat' dir='ltr'><strong>est</strong></span> <span class='ocrx_word' id='word_1_180' title='bbox 383 2132 510 2190; x_wconf 89' lang='lat' dir='ltr'><strong>cadaver</strong></span> <span class='ocrx_word' id='word_1_181' title='bbox 523 2131 586 2190; x_wconf 87' lang='lat' dir='ltr'><strong>eius</strong></span> <span class='ocrx_word' id='word_1_182' title='bbox 601 2132 693 2189; x_wconf 88' lang='lat' dir='ltr'><strong>etiam</strong></span> <span class='ocrx_word' id='word_1_183' title='bbox 710 2151 764 2207; x_wconf 90' lang='lat' dir='ltr'><strong>per</strong></span> <span class='ocrx_word' id='word_1_184' title='bbox 778 2131 849 2189; x_wconf 85' lang='lat' dir='ltr'><strong>circi</strong></span> <span class='ocrx_word' id='word_1_185' title='bbox 863 2133 970 2206; x_wconf 86' lang='lat' dir='ltr'><strong>spatia,</strong></span> <span class='ocrx_word' id='word_1_186' title='bbox 984 2132 1158 2208; x_wconf 88' lang='lat' dir='ltr'><strong>priusquam</strong></span> <span class='ocrx_word' id='word_1_187' title='bbox 1173 2133 1204 2188; x_wconf 92' lang='lat' dir='ltr'><strong>in</strong></span> <span class='ocrx_word' id='word_1_188' title='bbox 1219 2131 1358 2189; x_wconf 81' lang='lat' dir='ltr'><strong>Tiberim</strong></span> 
     </span>
     <span class='ocr_line' id='line_1_22' title="bbox 173 2219 1356 2296; baseline 0 -18"><span class='ocrx_word' id='word_1_189' title='bbox 173 2220 429 2295; x_wconf 77' lang='lat' dir='ltr'><strong>praecipitaretur.</strong></span> <span class='ocrx_word' id='word_1_190' title='bbox 454 2266 481 2277; x_wconf 91' lang='lat'><strong>..</strong></span> <span class='ocrx_word' id='word_1_191' title='bbox 507 2219 675 2296; x_wconf 87' lang='lat' dir='ltr'><strong>appellatus</strong></span> <span class='ocrx_word' id='word_1_192' title='bbox 704 2222 750 2278; x_wconf 91' lang='lat' dir='ltr'><strong>est</strong></span> <span class='ocrx_word' id='word_1_193' title='bbox 773 2222 843 2295; x_wconf 91' lang='lat' dir='ltr'><strong>post</strong></span> <span class='ocrx_word' id='word_1_194' title='bbox 869 2221 995 2278; x_wconf 83' lang='lat' dir='ltr'><strong>mortem</strong></span> <span class='ocrx_word' id='word_1_195' title='bbox 1026 2220 1219 2279; x_wconf 86' lang='lat' dir='ltr'><strong>Tiberinus</strong></span> <span class='ocrx_word' id='word_1_196' title='bbox 1245 2219 1356 2278; x_wconf 86' lang='lat' dir='ltr'><strong>Trac-</strong></span> 
     </span>
     <span class='ocr_line' id='line_1_23' title="bbox 173 2301 1357 2387; baseline -0.002 -20"><span class='ocrx_word' id='word_1_197' title='bbox 173 2310 327 2367; x_wconf 88' lang='lat' dir='ltr'><strong>taticius</strong></span> <span class='ocrx_word' id='word_1_198' title='bbox 347 2310 377 2367; x_wconf 87' lang='lat' dir='ltr'><strong>et</strong></span> <span class='ocrx_word' id='word_1_199' title='bbox 391 2308 530 2383; x_wconf 78' lang='lat' dir='ltr'><strong>impurus</strong></span> <span class='ocrx_word' id='word_1_200' title='bbox 549 2310 579 2366; x_wconf 90' lang='lat' dir='ltr'><strong>et</strong></span> <span class='ocrx_word' id='word_1_201' title='bbox 592 2301 724 2387; x_wconf 71' lang='lat' dir='ltr'><strong>multal),</strong></span> <span class='ocrx_word' id='word_1_202' title='bbox 744 2309 903 2384; x_wconf 86' lang='lat' dir='ltr'><strong>siquando</strong></span> <span class='ocrx_word' id='word_1_203' title='bbox 919 2327 954 2366; x_wconf 88' lang='lat' dir='ltr'><strong>ea</strong></span> <span class='ocrx_word' id='word_1_204' title='bbox 968 2311 1053 2367; x_wconf 90' lang='lat' dir='ltr'><strong>erant</strong></span> <span class='ocrx_word' id='word_1_205' title='bbox 1067 2307 1261 2385; x_wconf 80' lang='lat' dir='ltr'><strong>designanda,</strong></span> <span class='ocrx_word' id='word_1_206' title='bbox 1278 2328 1357 2382; x_wconf 87' lang='lat' dir='ltr'><strong>quae</strong></span> 
     </span>
     <span class='ocr_line' id='line_1_24' title="bbox 174 2396 1358 2473; baseline -0.003 -16"><span class='ocrx_word' id='word_1_207' title='bbox 174 2398 228 2457; x_wconf 89' lang='lat' dir='ltr'><strong>sub</strong></span> <span class='ocrx_word' id='word_1_208' title='bbox 248 2416 281 2455; x_wconf 93' lang='lat' dir='ltr'><strong>eo</strong></span> <span class='ocrx_word' id='word_1_209' title='bbox 300 2398 381 2456; x_wconf 88' lang='lat' dir='ltr'><strong>facta</strong></span> <span class='ocrx_word' id='word_1_210' title='bbox 399 2397 585 2456; x_wconf 82' lang='lat' dir='ltr'><strong>videbantur.</strong></span> <span class='ocrx_word' id='word_1_211' title='bbox 615 2398 650 2468; x_wconf 73' lang='lat' dir='ltr'><strong>cf.</strong></span> <span class='ocrx_word' id='word_1_212' title='bbox 661 2397 820 2455; x_wconf 78' lang='lat' dir='ltr'><strong>AarVict.</strong></span> <span class='ocrx_word' id='word_1_213' title='bbox 841 2417 886 2473; x_wconf 86' lang='lat' dir='ltr'><strong>ep.</strong></span> <span class='ocrx_word' id='word_1_214' title='bbox 908 2399 958 2470; x_wconf 79' lang='lat'><strong>23,</strong></span> <span class='ocrx_word' id='word_1_215' title='bbox 979 2398 1006 2472; x_wconf 82' lang='lat'><strong>6,</strong></span> <span class='ocrx_word' id='word_1_216' title='bbox 1029 2400 1045 2454; x_wconf 85' lang='lat'>7</span> <span class='ocrx_word' id='word_1_217' title='bbox 1063 2396 1119 2459; x_wconf 82' lang='lat' dir='ltr'><strong>Gr:</strong></span> <span class='ocrx_word' id='word_1_218' title='bbox 1140 2396 1228 2455; x_wconf 88' lang='lat' dir='ltr'><strong>huius</strong></span> <span class='ocrx_word' id='word_1_219' title='bbox 1246 2415 1358 2472; x_wconf 87' lang='lat' dir='ltr'><strong>corpus</strong></span> 
     </span>
     <span class='ocr_line' id='line_1_25' title="bbox 173 2484 1357 2562; baseline -0.002 -17"><span class='ocrx_word' id='word_1_220' title='bbox 173 2507 226 2562; x_wconf 89' lang='lat' dir='ltr'><strong>per</strong></span> <span class='ocrx_word' id='word_1_221' title='bbox 245 2486 326 2544; x_wconf 88' lang='lat' dir='ltr'><strong>urbis</strong></span> <span class='ocrx_word' id='word_1_222' title='bbox 341 2488 405 2544; x_wconf 85' lang='lat' dir='ltr'><strong>vias</strong></span> <span class='ocrx_word' id='word_1_223' title='bbox 425 2531 449 2544; x_wconf 86' lang='lat'><strong>..</strong></span> <span class='ocrx_word' id='word_1_224' title='bbox 469 2506 487 2544; x_wconf 91' lang='lat' dir='ltr'><strong>a</strong></span> <span class='ocrx_word' id='word_1_225' title='bbox 507 2485 652 2544; x_wconf 82' lang='lat' dir='ltr'><strong>militibus</strong></span> <span class='ocrx_word' id='word_1_226' title='bbox 670 2487 800 2544; x_wconf 90' lang='lat' dir='ltr'><strong>tractum</strong></span> <span class='ocrx_word' id='word_1_227' title='bbox 814 2489 860 2545; x_wconf 90' lang='lat' dir='ltr'><strong>est</strong></span> <span class='ocrx_word' id='word_1_228' title='bbox 881 2532 905 2544; x_wconf 92' lang='lat'><strong>..</strong></span> <span class='ocrx_word' id='word_1_229' title='bbox 925 2503 1017 2562; x_wconf 88' lang='lat' dir='ltr'><strong>usque</strong></span> <span class='ocrx_word' id='word_1_230' title='bbox 1038 2485 1077 2544; x_wconf 88' lang='lat' dir='ltr'><strong>ad</strong></span> <span class='ocrx_word' id='word_1_231' title='bbox 1092 2486 1223 2544; x_wconf 88' lang='lat' dir='ltr'><strong>Tiberim</strong></span> <span class='ocrx_word' id='word_1_232' title='bbox 1244 2484 1357 2543; x_wconf 88' lang='lat' dir='ltr'><strong>deduc·</strong></span> 
     </span>
     <span class='ocr_line' id='line_1_26' title="bbox 173 2573 1357 2651; baseline -0.001 -18"><span class='ocrx_word' id='word_1_233' title='bbox 173 2577 239 2634; x_wconf 89' lang='lat' dir='ltr'><strong>tum</strong></span> <span class='ocrx_word' id='word_1_234' title='bbox 259 2622 282 2632; x_wconf 93' lang='lat'><strong>..</strong></span> <span class='ocrx_word' id='word_1_235' title='bbox 302 2575 334 2632; x_wconf 89' lang='lat' dir='ltr'><strong>in</strong></span> <span class='ocrx_word' id='word_1_236' title='bbox 359 2574 483 2633; x_wconf 87' lang='lat' dir='ltr'><strong>fiuvium</strong></span> <span class='ocrx_word' id='word_1_237' title='bbox 509 2577 673 2651; x_wconf 89' lang='lat' dir='ltr'><strong>proiectum</strong></span> <span class='ocrx_word' id='word_1_238' title='bbox 692 2577 738 2634; x_wconf 88' lang='lat' dir='ltr'><strong>est</strong></span> <span class='ocrx_word' id='word_1_239' title='bbox 764 2622 787 2633; x_wconf 90' lang='lat'><strong>..</strong></span> <span class='ocrx_word' id='word_1_240' title='bbox 807 2595 843 2634; x_wconf 83' lang='lat' dir='ltr'><strong>ex</strong></span> <span class='ocrx_word' id='word_1_241' title='bbox 862 2594 897 2633; x_wconf 89' lang='lat' dir='ltr'><strong>ea</strong></span> <span class='ocrx_word' id='word_1_242' title='bbox 914 2594 960 2648; x_wconf 89' lang='lat' dir='ltr'><strong>re,</strong></span> <span class='ocrx_word' id='word_1_243' title='bbox 983 2594 1058 2650; x_wconf 89' lang='lat' dir='ltr'><strong>quae</strong></span> <span class='ocrx_word' id='word_1_244' title='bbox 1080 2574 1228 2633; x_wconf 88' lang='lat' dir='ltr'><strong>acciderat</strong></span> <span class='ocrx_word' id='word_1_245' title='bbox 1248 2573 1357 2632; x_wconf 89' lang='lat' dir='ltr'><strong>Tibe·</strong></span> 
     </span>
     <span class='ocr_line' id='line_1_27' title="bbox 175 2664 830 2740; baseline -0.002 -17"><span class='ocrx_word' id='word_1_246' title='bbox 175 2667 275 2723; x_wconf 88' lang='lat' dir='ltr'><strong>rinus</strong></span> <span class='ocrx_word' id='word_1_247' title='bbox 296 2664 572 2739; x_wconf 88' lang='lat' dir='ltr'><strong>Tracticiusque</strong></span> <span class='ocrx_word' id='word_1_248' title='bbox 592 2664 759 2740; x_wconf 88' lang='lat' dir='ltr'><strong>appellatus</strong></span> <span class='ocrx_word' id='word_1_249' title='bbox 777 2668 830 2723; x_wconf 88' lang='lat' dir='ltr'><strong>est.</strong></span> 
     </span>
    </p>

    <p class='ocr_par' dir='ltr' id='par_1_7' title="bbox 174 2745 1358 3094">
     <span class='ocr_line' id='line_1_28' title="bbox 267 2745 1358 2830; baseline 0 -20"><span class='ocrx_word' id='word_1_250' title='bbox 267 2754 316 2810; x_wconf 83' lang='grc'><strong>72.</strong></span> <span class='ocrx_word' id='word_1_251' title='bbox 327 2752 412 2809; x_wconf 82' lang='lat' dir='ltr'><strong>Treb.</strong></span> <span class='ocrx_word' id='word_1_252' title='bbox 427 2751 501 2812; x_wconf 87' lang='lat' dir='ltr'><strong>Poll.</strong></span> <span class='ocrx_word' id='word_1_253' title='bbox 512 2753 581 2830; x_wconf 73' lang='lat' dir='ltr'><strong>erig.</strong></span> <span class='ocrx_word' id='word_1_254' title='bbox 592 2754 650 2828; x_wconf 81' lang='lat' dir='ltr'><strong>tyr.</strong></span> <span class='ocrx_word' id='word_1_255' title='bbox 662 2755 691 2827; x_wconf 86' lang='lat'><strong>8,</strong></span> <span class='ocrx_word' id='word_1_256' title='bbox 701 2755 720 2812; x_wconf 85' lang='lat'><strong>3</strong></span> <span class='ocrx_word' id='word_1_257' title='bbox 731 2746 780 2813; x_wconf 60' lang='lat' dir='ltr'><strong>Pl:</strong></span> <span class='ocrx_word' id='word_1_258' title='bbox 798 2747 974 2813; x_wconf 85' lang='lat' dir='ltr'><strong>Mamurius</strong></span> <span class='ocrx_word' id='word_1_259' title='bbox 988 2745 1156 2812; x_wconf 88' lang='lat' dir='ltr'><strong>Veturius:</strong></span> <span class='ocrx_word' id='word_1_260' title='bbox 1177 2745 1358 2828; x_wconf 76' lang='lat' dir='ltr'><strong>[imperator</strong></span> 
     </span>
     <span class='ocr_line' id='line_1_29' title="bbox 174 2835 1357 2918; baseline -0.001 -19"><span class='ocrx_word' id='word_1_261' title='bbox 174 2835 310 2918; x_wconf 75' lang='lat' dir='ltr'><strong>Marias]</strong></span> <span class='ocrx_word' id='word_1_262' title='bbox 326 2843 389 2899; x_wconf 86' lang='lat' dir='ltr'><strong>vita</strong></span> <span class='ocrx_word' id='word_1_263' title='bbox 403 2842 522 2916; x_wconf 89' lang='lat' dir='ltr'><strong>quidem</strong></span> <span class='ocrx_word' id='word_1_264' title='bbox 537 2844 672 2901; x_wconf 88' lang='lat' dir='ltr'><strong>strenuus</strong></span> <span class='ocrx_word' id='word_1_265' title='bbox 687 2860 722 2899; x_wconf 92' lang='lat' dir='ltr'><strong>ac</strong></span> <span class='ocrx_word' id='word_1_266' title='bbox 739 2840 918 2899; x_wconf 86' lang='lat' dir='ltr'><strong>militaribus</strong></span> <span class='ocrx_word' id='word_1_267' title='bbox 938 2860 1031 2916; x_wconf 89' lang='lat' dir='ltr'><strong>usque</strong></span> <span class='ocrx_word' id='word_1_268' title='bbox 1049 2841 1088 2899; x_wconf 92' lang='lat' dir='ltr'><strong>ad</strong></span> <span class='ocrx_word' id='word_1_269' title='bbox 1106 2842 1267 2914; x_wconf 88' lang='lat' dir='ltr'><strong>imperium</strong></span> <span class='ocrx_word' id='word_1_270' title='bbox 1287 2860 1357 2917; x_wconf 85' lang='lat' dir='ltr'><strong>gra·</strong></span> 
     </span>
     <span class='ocr_line' id='line_1_30' title="bbox 175 2928 1357 3005; baseline -0.001 -17"><span class='ocrx_word' id='word_1_271' title='bbox 175 2930 261 2988; x_wconf 89' lang='lat' dir='ltr'><strong>dibus</strong></span> <span class='ocrx_word' id='word_1_272' title='bbox 281 2932 412 3003; x_wconf 84' lang='lat' dir='ltr'><strong>evectus,</strong></span> <span class='ocrx_word' id='word_1_273' title='bbox 431 2950 519 3005; x_wconf 88' lang='lat' dir='ltr'><strong>quem</strong></span> <span class='ocrx_word' id='word_1_274' title='bbox 537 2930 671 3005; x_wconf 88' lang='lat' dir='ltr'><strong>plerique</strong></span> <span class='ocrx_word' id='word_1_275' title='bbox 685 2929 908 3004; x_wconf 79' lang='lat' dir='ltr'><strong>Mamurium,</strong></span> <span class='ocrx_word' id='word_1_276' title='bbox 926 2929 1062 2988; x_wconf 88' lang='lat' dir='ltr'><strong>nonnulli</strong></span> <span class='ocrx_word' id='word_1_277' title='bbox 1071 2928 1276 3002; x_wconf 86' lang='lat' dir='ltr'><strong>Veturium,</strong></span> <span class='ocrx_word' id='word_1_278' title='bbox 1291 2932 1357 3005; x_wconf 89' lang='lat' dir='ltr'><strong>opi·</strong></span> 
     </span>
     <span class='ocr_line' id='line_1_31' title="bbox 175 3019 807 3094; baseline 0.002 -19"><span class='ocrx_word' id='word_1_279' title='bbox 175 3019 259 3077; x_wconf 86' lang='lat' dir='ltr'><strong>ficem</strong></span> <span class='ocrx_word' id='word_1_280' title='bbox 282 3020 386 3093; x_wconf 89' lang='lat' dir='ltr'><strong>utpote</strong></span> <span class='ocrx_word' id='word_1_281' title='bbox 403 3019 573 3092; x_wconf 85' lang='lat' dir='ltr'><strong>ferrarium,</strong></span> <span class='ocrx_word' id='word_1_282' title='bbox 591 3020 807 3094; x_wconf 89' lang='lat' dir='ltr'><strong>nuncuparunt.</strong></span> 
     </span>
    </p>

    <p class='ocr_par' dir='ltr' id='par_1_8' title="bbox 174 3098 1361 3453">
     <span class='ocr_line' id='line_1_32' title="bbox 266 3098 1359 3184; baseline -0.001 -18"><span class='ocrx_word' id='word_1_283' title='bbox 266 3109 315 3166; x_wconf 83' lang='lat'><strong>73.</strong></span> <span class='ocrx_word' id='word_1_284' title='bbox 344 3108 428 3166; x_wconf 87' lang='lat' dir='ltr'><strong>Treb.</strong></span> <span class='ocrx_word' id='word_1_285' title='bbox 452 3108 528 3166; x_wconf 93' lang='lat' dir='ltr'><strong>Poll.</strong></span> <span class='ocrx_word' id='word_1_286' title='bbox 547 3109 615 3184; x_wconf 80' lang='lat' dir='ltr'><strong>trig.</strong></span> <span class='ocrx_word' id='word_1_287' title='bbox 635 3110 692 3181; x_wconf 87' lang='lat' dir='ltr'><strong>tyr.</strong></span> <span class='ocrx_word' id='word_1_288' title='bbox 714 3109 764 3180; x_wconf 83' lang='lat'><strong>33,</strong></span> <span class='ocrx_word' id='word_1_289' title='bbox 785 3110 803 3164; x_wconf 81' lang='lat'><strong>2</strong></span> <span class='ocrx_word' id='word_1_290' title='bbox 827 3098 882 3167; x_wconf 78' lang='lat'><strong>1³²:</strong></span> <span class='ocrx_word' id='word_1_291' title='bbox 910 3101 1076 3168; x_wconf 78' lang='lat' dir='ltr'><strong>Claudius:</strong></span> <span class='ocrx_word' id='word_1_292' title='bbox 1101 3151 1130 3164; x_wconf 87' lang='lat'><strong>..</strong></span> <span class='ocrx_word' id='word_1_293' title='bbox 1153 3123 1241 3164; x_wconf 83' lang='lat' dir='ltr'><strong>senex</strong></span> <span class='ocrx_word' id='word_1_294' title='bbox 1262 3110 1359 3183; x_wconf 87' lang='lat' dir='ltr'><strong>atque</strong></span> 
     </span>
     <span class='ocr_line' id='line_1_33' title="bbox 174 3195 1361 3271; baseline 0.001 -18"><span class='ocrx_word' id='word_1_295' title='bbox 174 3215 234 3254; x_wconf 91' lang='lat' dir='ltr'><strong>uno</strong></span> <span class='ocrx_word' id='word_1_296' title='bbox 257 3196 332 3271; x_wconf 88' lang='lat' dir='ltr'><strong>pede</strong></span> <span class='ocrx_word' id='word_1_297' title='bbox 355 3197 524 3255; x_wconf 85' lang='lat' dir='ltr'><strong>claudicans</strong></span> <span class='ocrx_word' id='word_1_298' title='bbox 543 3196 678 3268; x_wconf 84' lang='lat' dir='ltr'><strong>vulnere,</strong></span> <span class='ocrx_word' id='word_1_299' title='bbox 701 3195 780 3269; x_wconf 91' lang='lat' dir='ltr'><strong>quod</strong></span> <span class='ocrx_word' id='word_1_300' title='bbox 803 3195 881 3253; x_wconf 89' lang='lat' dir='ltr'><strong>bello</strong></span> <span class='ocrx_word' id='word_1_301' title='bbox 899 3195 1017 3254; x_wconf 87' lang='lat' dir='ltr'><strong>Persico</strong></span> <span class='ocrx_word' id='word_1_302' title='bbox 1036 3195 1188 3253; x_wconf 87' lang='lat' dir='ltr'><strong>Valeriani</strong></span> <span class='ocrx_word' id='word_1_303' title='bbox 1211 3195 1361 3270; x_wconf 89' lang='lat' dir='ltr'><strong>tempori·</strong></span> 
     </span>
     <span class='ocr_line' id='line_1_34' title="bbox 174 3282 1361 3360; baseline -0.001 -17"><span class='ocrx_word' id='word_1_304' title='bbox 174 3285 229 3343; x_wconf 90' lang='lat' dir='ltr'><strong>bus</strong></span> <span class='ocrx_word' id='word_1_305' title='bbox 248 3286 411 3360; x_wconf 84' lang='lat' dir='ltr'><strong>acceperat,</strong></span> <span class='ocrx_word' id='word_1_306' title='bbox 429 3286 526 3343; x_wconf 85' lang='lat' dir='ltr'><strong>factus</strong></span> <span class='ocrx_word' id='word_1_307' title='bbox 545 3286 590 3342; x_wconf 89' lang='lat' dir='ltr'><strong>est</strong></span> <span class='ocrx_word' id='word_1_308' title='bbox 607 3285 769 3359; x_wconf 88' lang='lat' dir='ltr'><strong>imperator</strong></span> <span class='ocrx_word' id='word_1_309' title='bbox 788 3285 818 3342; x_wconf 88' lang='lat' dir='ltr'><strong>et</strong></span> <span class='ocrx_word' id='word_1_310' title='bbox 835 3302 1004 3343; x_wconf 85' lang='lat' dir='ltr'><strong>scurrarum</strong></span> <span class='ocrx_word' id='word_1_311' title='bbox 1026 3287 1091 3343; x_wconf 89' lang='lat' dir='ltr'><strong>ioco</strong></span> <span class='ocrx_word' id='word_1_312' title='bbox 1110 3282 1286 3342; x_wconf 74' lang='lat' dir='ltr'><strong>Claudius</strong></span> <span class='ocrx_word' id='word_1_313' title='bbox 1309 3305 1361 3360; x_wconf 86' lang='lat' dir='ltr'><strong>ap-</strong></span> 
     </span>
     <span class='ocr_line' id='line_1_35' title="bbox 175 3364 656 3453; baseline -0.006 -21"><span class='ocrx_word' id='word_1_314' title='bbox 175 3374 305 3449; x_wconf 88' lang='lat' dir='ltr'><strong>pellatus</strong></span> <span class='ocrx_word' id='word_1_315' title='bbox 324 3376 369 3431; x_wconf 91' lang='lat' dir='ltr'><strong>est</strong></span> <span class='ocrx_word' id='word_1_316' title='bbox 386 3364 656 3453; x_wconf 63' lang='lat' dir='ltr'><strong>(midsommers).</strong></span> 
     </span>
    </p>

    <p class='ocr_par' dir='ltr' id='par_1_9' title="bbox 175 3453 1383 3804">
     <span class='ocr_line' id='line_1_36' title="bbox 267 3453 1362 3542; baseline 0 -22"><span class='ocrx_word' id='word_1_317' title='bbox 267 3464 316 3520; x_wconf 82' lang='lat'><strong>74.</strong></span> <span class='ocrx_word' id='word_1_318' title='bbox 340 3460 575 3537; x_wconf 80' lang='lat' dir='ltr'><strong>Vop.Firm.4,</strong></span> <span class='ocrx_word' id='word_1_319' title='bbox 596 3463 612 3519; x_wconf 93' lang='lat'>1</span> <span class='ocrx_word' id='word_1_320' title='bbox 634 3453 688 3523; x_wconf 63' lang='lat' dir='ltr'><strong>Pb</strong></span> <span class='ocrx_word' id='word_1_321' title='bbox 711 3455 858 3542; x_wconf 71' lang='lat' dir='ltr'><strong>Cyclops:</strong></span> <span class='ocrx_word' id='word_1_322' title='bbox 883 3461 953 3519; x_wconf 83' lang='lat' dir='ltr'><strong>Fuit</strong></span> <span class='ocrx_word' id='word_1_323' title='bbox 972 3507 977 3518; x_wconf 95' lang='lat'>.</span> <span class='ocrx_word' id='word_1_324' title='bbox 994 3508 1000 3518; x_wconf 90' lang='lat'><strong>.</strong></span> <span class='ocrx_word' id='word_1_325' title='bbox 1019 3461 1136 3520; x_wconf 81' lang='lat' dir='ltr'><strong>Firmus</strong></span> <span class='ocrx_word' id='word_1_326' title='bbox 1164 3462 1285 3519; x_wconf 87' lang='lat' dir='ltr'><strong>statura</strong></span> <span class='ocrx_word' id='word_1_327' title='bbox 1316 3464 1362 3520; x_wconf 92' lang='lat' dir='ltr'><strong>in·</strong></span> 
     </span>
     <span class='ocr_line' id='line_1_37' title="bbox 175 3550 1383 3628; baseline 0 -20"><span class='ocrx_word' id='word_1_328' title='bbox 175 3553 266 3628; x_wconf 87' lang='lat' dir='ltr'><strong>genti,</strong></span> <span class='ocrx_word' id='word_1_329' title='bbox 290 3551 383 3609; x_wconf 87' lang='lat' dir='ltr'><strong>oeulis</strong></span> <span class='ocrx_word' id='word_1_330' title='bbox 401 3550 473 3610; x_wconf 86' lang='lat' dir='ltr'><strong>foris</strong></span> <span class='ocrx_word' id='word_1_331' title='bbox 493 3550 698 3625; x_wconf 87' lang='lat' dir='ltr'><strong>eminentibus,</strong></span> <span class='ocrx_word' id='word_1_332' title='bbox 717 3551 827 3627; x_wconf 88' lang='lat' dir='ltr'><strong>capillo</strong></span> <span class='ocrx_word' id='word_1_333' title='bbox 846 3552 952 3626; x_wconf 87' lang='lat' dir='ltr'><strong>crispo,</strong></span> <span class='ocrx_word' id='word_1_334' title='bbox 969 3551 1066 3609; x_wconf 86' lang='lat' dir='ltr'><strong>fronte</strong></span> <span class='ocrx_word' id='word_1_335' title='bbox 1086 3550 1252 3621; x_wconf 86' lang='lat' dir='ltr'><strong>vulnerata,</strong></span> <span class='ocrx_word' id='word_1_336' title='bbox 1269 3551 1363 3608; x_wconf 76' lang='lat' dir='ltr'><strong>vriltu</strong></span> <span class='ocrx_word' id='word_1_337' title='bbox 1382 3588 1383 3623; x_wconf 70' lang='lat'><strong>,</strong></span> 
     </span>
     <span class='ocr_line' id='line_1_38' title="bbox 175 3638 1364 3717; baseline 0 -20"><span class='ocrx_word' id='word_1_338' title='bbox 175 3642 319 3717; x_wconf 82' lang='lat' dir='ltr'><strong>nigriore,</strong></span> <span class='ocrx_word' id='word_1_339' title='bbox 342 3640 458 3714; x_wconf 87' lang='lat' dir='ltr'><strong>reliqua</strong></span> <span class='ocrx_word' id='word_1_340' title='bbox 480 3642 566 3716; x_wconf 90' lang='lat' dir='ltr'><strong>parte</strong></span> <span class='ocrx_word' id='word_1_341' title='bbox 586 3642 715 3715; x_wconf 87' lang='lat' dir='ltr'><strong>corporis</strong></span> <span class='ocrx_word' id='word_1_342' title='bbox 739 3640 881 3698; x_wconf 88' lang='lat' dir='ltr'><strong>candidus</strong></span> <span class='ocrx_word' id='word_1_343' title='bbox 900 3639 951 3698; x_wconf 88' lang='lat' dir='ltr'><strong>sed</strong></span> <span class='ocrx_word' id='word_1_344' title='bbox 968 3639 1081 3714; x_wconf 86' lang='lat' dir='ltr'><strong>pilosus</strong></span> <span class='ocrx_word' id='word_1_345' title='bbox 1101 3641 1189 3713; x_wconf 88' lang='lat' dir='ltr'><strong>atque</strong></span> <span class='ocrx_word' id='word_1_346' title='bbox 1207 3638 1364 3713; x_wconf 78' lang='lat' dir='ltr'><strong>hispidae,</strong></span> 
     </span>
     <span class='ocr_line' id='line_1_39' title="bbox 178 3727 888 3804; baseline 0.001 -18"><span class='ocrx_word' id='word_1_347' title='bbox 178 3730 221 3786; x_wconf 91' lang='lat' dir='ltr'><strong>ita</strong></span> <span class='ocrx_word' id='word_1_348' title='bbox 240 3733 275 3786; x_wconf 86' lang='lat' dir='ltr'><strong>ut</strong></span> <span class='ocrx_word' id='word_1_349' title='bbox 293 3748 359 3786; x_wconf 89' lang='lat' dir='ltr'><strong>eum</strong></span> <span class='ocrx_word' id='word_1_350' title='bbox 378 3728 512 3804; x_wconf 89' lang='lat' dir='ltr'><strong>plerique</strong></span> <span class='ocrx_word' id='word_1_351' title='bbox 532 3727 722 3804; x_wconf 82' lang='lat' dir='ltr'><strong>Cyclopem</strong></span> <span class='ocrx_word' id='word_1_352' title='bbox 740 3731 888 3787; x_wconf 87' lang='lat' dir='ltr'><strong>vocarent.</strong></span> 
     </span>
    </p>

    <p class='ocr_par' dir='ltr' id='par_1_10' title="bbox 178 3808 1362 4072">
     <span class='ocr_line' id='line_1_40' title="bbox 268 3808 1359 3893; baseline -0.003 -18"><span class='ocrx_word' id='word_1_353' title='bbox 268 3818 317 3875; x_wconf 82' lang='lat'><strong>75.</strong></span> <span class='ocrx_word' id='word_1_354' title='bbox 345 3816 443 3874; x_wconf 82' lang='lat' dir='ltr'><strong>Amm.</strong></span> <span class='ocrx_word' id='word_1_355' title='bbox 465 3817 555 3875; x_wconf 83' lang='lat' dir='ltr'><strong>Marc.</strong></span> <span class='ocrx_word' id='word_1_356' title='bbox 578 3815 679 3873; x_wconf 88' lang='lat' dir='ltr'>XXVI</span> <span class='ocrx_word' id='word_1_357' title='bbox 702 3817 737 3889; x_wconf 86' lang='lat'><strong>8,</strong></span> <span class='ocrx_word' id='word_1_358' title='bbox 757 3818 775 3874; x_wconf 88' lang='grc'><em>2</em></span> <span class='ocrx_word' id='word_1_359' title='bbox 800 3814 838 3877; x_wconf 84' lang='lat' dir='ltr'><strong>G:</strong></span> <span class='ocrx_word' id='word_1_360' title='bbox 862 3809 1064 3877; x_wconf 86' lang='lat' dir='ltr'><strong>Sabaiarins:</strong></span> <span class='ocrx_word' id='word_1_361' title='bbox 1090 3808 1232 3893; x_wconf 80' lang='lat' dir='ltr'><strong>[Valeas]</strong></span> <span class='ocrx_word' id='word_1_362' title='bbox 1260 3833 1359 3892; x_wconf 87' lang='lat' dir='ltr'><strong>oppu-</strong></span> 
     </span>
     <span class='ocr_line' id='line_1_41' title="bbox 178 3903 1361 3983; baseline -0.003 -19"><span class='ocrx_word' id='word_1_363' title='bbox 178 3908 315 3983; x_wconf 86' lang='lat' dir='ltr'><strong>gnationi</strong></span> <span class='ocrx_word' id='word_1_364' title='bbox 334 3903 528 3964; x_wconf 77' lang='lat' dir='ltr'><strong>Chalcedonis</strong></span> <span class='ocrx_word' id='word_1_365' title='bbox 546 3907 663 3982; x_wconf 85' lang='lat' dir='ltr'><strong>magnis</strong></span> <span class='ocrx_word' id='word_1_366' title='bbox 681 3904 794 3963; x_wconf 85' lang='lat' dir='ltr'><strong>viribus</strong></span> <span class='ocrx_word' id='word_1_367' title='bbox 812 3905 978 3979; x_wconf 89' lang='lat' dir='ltr'><strong>insistebat,</strong></span> <span class='ocrx_word' id='word_1_368' title='bbox 997 3907 1079 3963; x_wconf 91' lang='lat' dir='ltr'><strong>cuius</strong></span> <span class='ocrx_word' id='word_1_369' title='bbox 1098 3924 1114 3962; x_wconf 91' lang='lat' dir='ltr'><strong>e</strong></span> <span class='ocrx_word' id='word_1_370' title='bbox 1132 3904 1225 3961; x_wconf 84' lang='lat' dir='ltr'><strong>muris</strong></span> <span class='ocrx_word' id='word_1_371' title='bbox 1243 3905 1361 3978; x_wconf 84' lang='lat' dir='ltr'><strong>probra</strong></span> 
     </span>
     <span class='ocr_line' id='line_1_42' title="bbox 177 3984 1362 4072; baseline -0.002 -20.995"><span class='ocrx_word' id='word_1_372' title='bbox 180 3997 185 4007; x_wconf 86' lang='lat'>&#39;</span> <span class='ocrx_word' id='word_1_373' title='bbox 177 4013 296 4053; x_wconf 87' lang='lat' dir='ltr'><strong>meum</strong></span> <span class='ocrx_word' id='word_1_374' title='bbox 314 3994 498 4053; x_wconf 90' lang='lat' dir='ltr'><strong>iaciebantur</strong></span> <span class='ocrx_word' id='word_1_375' title='bbox 516 3995 546 4052; x_wconf 89' lang='lat' dir='ltr'><strong>et</strong></span> <span class='ocrx_word' id='word_1_376' title='bbox 563 3995 704 4053; x_wconf 87' lang='lat' dir='ltr'><strong>iniuriose</strong></span> <span class='ocrx_word' id='word_1_377' title='bbox 724 3994 959 4070; x_wconf 87' lang='lat' dir='ltr'><strong>conpellebatur,</strong></span> <span class='ocrx_word' id='word_1_378' title='bbox 978 3996 1012 4052; x_wconf 92' lang='lat' dir='ltr'><strong>ut</strong></span> <span class='ocrx_word' id='word_1_379' title='bbox 1031 3984 1296 4072; x_wconf 75' lang='lat' dir='ltr'><strong>Sabaiarius²);</strong></span> <span class='ocrx_word' id='word_1_380' title='bbox 1317 3998 1362 4052; x_wconf 86' lang='lat' dir='ltr'><strong>est</strong></span> 
     </span>
    </p>
   </div>
   <div class='ocr_carea' id='block_1_4' title="bbox 176 4179 1363 4464">
    <p class='ocr_par' dir='ltr' id='par_1_11' title="bbox 176 4179 1363 4464">
     <span class='ocr_line' id='line_1_43' title="bbox 267 4179 1363 4264; baseline -0.002 -30"><span class='ocrx_word' id='word_1_381' title='bbox 267 4184 293 4251; x_wconf 80' lang='lat'><strong>1)</strong></span> <span class='ocrx_word' id='word_1_382' title='bbox 316 4181 406 4236; x_wconf 89' lang='lat' dir='ltr'><strong>malta</strong></span> <span class='ocrx_word' id='word_1_383' title='bbox 426 4182 539 4249; x_wconf 81' lang='lat' dir='ltr'><strong>Brorlcs,</strong></span> <span class='ocrx_word' id='word_1_384' title='bbox 560 4181 763 4264; x_wconf 69' lang='lat' dir='ltr'><strong>Kdaiysberqer</strong></span> <span class='ocrx_word' id='word_1_385' title='bbox 777 4181 1052 4247; x_wconf 80' lang='lat' dir='ltr'><strong>Moaatsbeftet1877</strong></span> <span class='ocrx_word' id='word_1_386' title='bbox 1061 4196 1091 4248; x_wconf 79' lang='lat' dir='ltr'><strong>p.</strong></span> <span class='ocrx_word' id='word_1_387' title='bbox 1101 4183 1173 4245; x_wconf 88' lang='lat'><strong>119,</strong></span> <span class='ocrx_word' id='word_1_388' title='bbox 1193 4179 1363 4248; x_wconf 71' lang='lat' dir='ltr'><strong>Petscheaiq</strong></span> 
     </span>
     <span class='ocr_line' id='line_1_44' title="bbox 177 4248 1363 4322; baseline -0.002 -16"><span class='ocrx_word' id='word_1_389' title='bbox 177 4252 264 4307; x_wconf 67' lang='lat' dir='ltr'><strong>Belia</strong></span> <span class='ocrx_word' id='word_1_390' title='bbox 232 4259 330 4308; x_wconf 71' lang='lat' dir='ltr'><strong>laea</strong></span> <span class='ocrx_word' id='word_1_391' title='bbox 349 4253 476 4309; x_wconf 78' lang='lat' dir='ltr'><strong>Teatlcrit</strong></span> <span class='ocrx_word' id='word_1_392' title='bbox 495 4254 544 4308; x_wconf 84' lang='lat' dir='ltr'><strong>der</strong></span> <span class='ocrx_word' id='word_1_393' title='bbox 560 4252 653 4321; x_wconf 79' lang='lat' dir='ltr'><strong>script.</strong></span> <span class='ocrx_word' id='word_1_394' title='bbox 635 4253 729 4307; x_wconf 73' lang='lat' dir='ltr'><strong>tata</strong></span> <span class='ocrx_word' id='word_1_395' title='bbox 745 4269 810 4322; x_wconf 66' lang='lat' dir='ltr'><strong>aaa.</strong></span> <span class='ocrx_word' id='word_1_396' title='bbox 839 4253 919 4307; x_wconf 82' lang='lat' dir='ltr'><strong>Wiea</strong></span> <span class='ocrx_word' id='word_1_397' title='bbox 933 4254 1107 4320; x_wconf 64' lang='lat'><strong>18791225</strong></span> <span class='ocrx_word' id='word_1_398' title='bbox 1136 4248 1246 4303; x_wconf 89' lang='lat' dir='ltr'><strong>matula</strong></span> <span class='ocrx_word' id='word_1_399' title='bbox 1265 4250 1363 4321; x_wconf 66' lang='lat' dir='ltr'><strong>Vesper</strong></span> 
     </span>
     <span class='ocr_line' id='line_1_45' title="bbox 176 4321 1362 4438; baseline 0 -62"><span class='ocrx_word' id='word_1_400' title='bbox 176 4325 209 4377; x_wconf 79' lang='lat' dir='ltr'><strong>ia</strong></span> <span class='ocrx_word' id='word_1_401' title='bbox 232 4323 362 4379; x_wconf 72' lang='lat' dir='ltr'><strong>Flecteris</strong></span> <span class='ocrx_word' id='word_1_402' title='bbox 384 4341 449 4379; x_wconf 82' lang='lat' dir='ltr'><strong>aaa.</strong></span> <span class='ocrx_word' id='word_1_403' title='bbox 471 4328 544 4378; x_wconf 85' lang='lat'><strong><em>1881</em></strong></span> <span class='ocrx_word' id='word_1_404' title='bbox 564 4340 593 4393; x_wconf 76' lang='lat' dir='ltr'><strong>p.</strong></span> <span class='ocrx_word' id='word_1_405' title='bbox 613 4326 677 4379; x_wconf 86' lang='grc'><strong>221</strong></span> <span class='ocrx_word' id='word_1_406' title='bbox 703 4327 782 4391; x_wconf 81' lang='lat' dir='ltr'><strong>(teste</strong></span> <span class='ocrx_word' id='word_1_407' title='bbox 807 4323 924 4438; x_wconf 60' lang='lat' dir='ltr'><strong>Peter),</strong></span> <span class='ocrx_word' id='word_1_408' title='bbox 953 4321 1044 4375; x_wconf 88' lang='lat' dir='ltr'><strong>multa</strong></span> <span class='ocrx_word' id='word_1_409' title='bbox 1071 4321 1149 4388; x_wconf 73' lang='lat' dir='ltr'><strong>libri,</strong></span> <span class='ocrx_word' id='word_1_410' title='bbox 1176 4322 1241 4374; x_wconf 72' lang='lat' dir='ltr'><strong>item</strong></span> <span class='ocrx_word' id='word_1_411' title='bbox 1265 4321 1362 4376; x_wconf 81' lang='lat' dir='ltr'><strong>Peter</strong></span> 
     </span>
     <span class='ocr_line' id='line_1_46' title="bbox 178 4394 567 4464; baseline 0.003 -17.047"><span class='ocrx_word' id='word_1_412' title='bbox 178 4397 205 4464; x_wconf 90' lang='grc'><em>2)</em></span> <span class='ocrx_word' id='word_1_413' title='bbox 178 4394 363 4449; x_wconf 74' lang='grc' dir='ltr'><strong>2ααλ1οιίαε</strong></span> <span class='ocrx_word' id='word_1_414' title='bbox 383 4396 448 4449; x_wconf 78' lang='lat' dir='ltr'><strong>libri</strong></span> <span class='ocrx_word' id='word_1_415' title='bbox 466 4396 567 4464; x_wconf 79' lang='lat' dir='ltr'><strong>optimi</strong></span> 
     </span>
    </p>
   </div>
   <div class='ocr_carea' id='block_1_5' title="bbox 0 0 1402 4930">
    <p class='ocr_par' dir='ltr' id='par_1_12' title="bbox 0 0 1402 4930">
     <span class='ocr_line' id='line_1_47' title="bbox 0 0 1402 4930; baseline 0 0"><span class='ocrx_word' id='word_1_416' title='bbox 0 0 1402 4930; x_wconf 95' lang='lat' dir='ltr'><strong> </strong></span> 
     </span>
    </p>
   </div>
  </div>
 </body>
</html>
