2790 4930
168 233 233 297 346
647 232 672 285 J.
692 232 724 285 6.
743 233 857 301 sempr:

168 402 335 462 666166116
358 402 404 461 661
428 401 602 475 discernere,
625 404 726 459 utrum
748 403 893 460 terminus
911 400 1063 460 1661661666
1081 421 1120 459 66
1139 404 1289 461 castrense
1310 405 1353 461 sit

171 491 310 552 verbum:
329 508 388 548 uno
408 489 527 566 quidem
546 490 610 549 loco
629 482 730 570 (619
754 511 784 566 p.
798 491 871 565 105,
882 493 900 550 9
911 482 960 547 L?
977 492 1068 565 caput
1086 482 1255 571 porcinum)
1275 489 1352 548 Am-

170 582 274 638 miano
292 581 368 638 teste
384 570 451 659 (17,
463 580 513 652 13,
524 570 558 656 9)
578 597 632 654 666
652 581 732 638 66616
750 578 918 639 habendum
937 580 981 638 est
999 580 1097 655 ipsum
1115 579 1352 639 1166616116661-

171 671 284 728 minare
303 670 382 726 inter
400 670 560 726 terminum
579 670 610 726 61
628 669 757 745 gregarii
775 669 880 727 militis
900 686 1009 727 vocem.

257 756 402 825 Quoniam
430 757 587 832 scriptores
614 759 727 816 veteres
757 756 795 815 ad
822 757 878 816 hoc
904 758 1091 832 propositum
1119 756 1269 817 adhibitos
1299 778 1351 816 66-

169 847 309 922 aminavi,
327 845 400 904 haec
417 846 478 903 fere
497 845 656 904 statuenda
674 862 736 905 6666
755 845 855 905 credo:
868 846 1070 905 Romanorum
1089 849 1268 905 castrensem
1287 865 1350 906 ser·

167 953 298 1010 monem,
322 936 341 992 1.
360 952 383 992 6.
412 933 615 1011 gregariorum
642 935 772 993 militum
799 933 1032 1011 proprietatibus
1057 935 1234 1011 quibusdam
1260 955 1351 1011 prae-

170 1025 280 1099 ditum,
303 1024 393 1082 161666
412 1025 546 1100 vestigiis
566 1022 685 1098 quidem
704 1023 806 1101 colligi
824 1025 937 1100 potest3
960 1024 1032 1082 item
1051 1026 1168 1083 constat
1187 1024 1350 1100 scriptores

160 1113 313 1189 'quosdam
332 1112 442 1171 diserte
461 1132 529 1171 6666
547 1114 581 1169 61
600 1112 636 1169 ab
655 1113 767 1173 usitato
787 1112 917 1171 alienum
931 1112 1098 1187 ostendere,
1116 1113 1166 1172 sed
1182 1116 1349 1172 communis

169 1203 323 1260 literarum
347 1202 490 1260 orationis
514 1202 676 1260 auctoritas
700 1201 780 1278 apud
804 1219 904 1261 omnes
928 1203 1085 1276 scriptores
1107 1203 1194 1260 tanta
1216 1202 1289 1275 fuit,
1314 1205 1350 1260 ut

169 1292 322 1349 rarissima
348 1290 477 1364 cuipiam
500 1308 557 1348 vox
580 1290 627 1348 vel
650 1289 762 1348 locutio
785 1288 915 1367 gregarii
939 1289 1044 1349 militis
1066 1309 1127 1349 non
1154 1289 1351 1366 comprobata

169 1380 306 1454 quamvis
333 1377 369 1436 16
393 1378 573 1437 militaribus
595 1378 684 1437 rebus
702 1377 812 1438 1166611
835 1379 936 1456 616666
955 1380 1002 1438 611.

257 1466 411 1526 Postremo
434 1469 469 1526 61
492 1467 579 1528 huius
604 1468 712 1527 aetatis
735 1467 856 1527 afferam
875 1468 966 1527 libros
986 1467 1024 1526 ad
1046 1467 1123 1526 hanc
1141 1467 1350 1545 quaestionem

169 1556 352 1633 pertinentes
370 1555 503 1631 mihique
526 1557 558 1614 in
576 1574 663 1615 usum
681 1575 781 1615 meum
800 1574 969 1630 conversos,
992 1556 1149 1615 castrensis
1168 1574 1264 1615 sermo
1288 1557 1350 1617 Ro-

170 1663 326 1704 manorum
349 1664 408 1703 666
431 1645 527 1723 magis
549 1648 749 1722 pertractatus
773 1649 817 1705 est
841 1665 930 1721 quam
953 1645 1017 1703 6116
1039 1645 1100 1704 6116
1118 1645 1230 1703 ordinis
1250 1646 1350 1704 666116

170 1736 362 1811 antiquorum
377 1735 543 1811 temporum
557 1737 675 1811 praeter
688 1735 761 1794 iuris
777 1735 978 1794 consultorum
994 1727 1044 1814 (61.
1055 1732 1239 1793 Guilhelmus
1253 1734 1349 1794 Kalb:

170 1823 262 1882 116666
287 1822 422 1881 Juristen
447 1824 523 1881 nach
550 1823 631 1882 ihrer
654 1822 784 1899 Sprache
813 1823 988 1901 dargestellt
1012 1815 1121 1903 1890).
1158 1822 1351 1881 Adiuverunt

170 1932 217 1970 me
241 1930 301 1971 non
326 1914 389 1969 tam
415 1911 605 1988 colligentem
630 1932 720 1988 quam
745 1913 947 1972 illustrantem
972 1910 1179 1971 adnotationes
1205 1931 1239 1970 66
1263 1913 1348 1970 volu·

170 2000 301 2059 minibus
320 1999 468 2058 Wolfflini
485 2000 610 2059 Archivi
628 2003 773 2076 sumptae,
796 2001 902 2060 deinde
920 1999 1075 2059 Albrechti
1093 1999 1221 2058 Koehler
1239 2000 1349 2059 disser-

170 2089 247 2148 tatio
273 2089 412 2165 gnaviter
435 2108 470 2148 66
492 2089 651 2166 diligenter
674 2088 860 2163 elucubrata,
884 2108 974 2164 quam
997 2107 1088 2164 supra
1118 2091 1350 2149 commemoravi

170 2169 350 2258 (cf.p.345).
366 2177 437 2238 Otto
447 2178 549 2236 Keller
562 2178 593 2236 in
608 2178 692 2236 libris
704 2178 755 2252 qui
764 2178 980 2237 inscribuntur:
993 2176 1350 2254 LateinischeVolksety·

170 2267 328 2344 molegica,
342 2264 1169 2343 1661616166166111666616ςὶ66,(1666661166166616161166,
1183 2265 1264 2323 16661
1278 2285 1350 2325 raro

171 2358 327 2415 castrensis
341 2358 483 2434 sermonis
494 2356 635 2429 reliquias
655 2356 786 2431 attingit.
821 2353 906 2422 Quod
925 2354 1024 2412 autem
1043 2356 1109 2429 quis
1129 2353 1292 2413 arbitretur
1312 2374 1350 2414 ea

170 2446 366 2521 potissimum,
383 2462 458 2520 quae
473 2446 643 2518 exponeret:
661 2441 848 2502 Lateinische
866 2442 1162 2521 Volksetyinologien
1181 2464 1209 2519 p.
1226 2445 1292 2503 109
1304 2476 1344 2485 -

173 2534 246 2607 115,
264 2551 312 2591 me
329 2534 465 2592 accurate
481 2531 537 2590 hoo
550 2532 615 2590 loco
630 2534 798 2591 6666616666
812 2531 955 2606 debuisse,
973 2531 1109 2606 equidem
1125 2531 1199 2590 661161
1213 2536 1352 2607 persuasi

171 2625 233 2681 eius
257 2621 477 2699 neglegentiam
500 2621 532 2678 in
556 2623 683 2680 materia
705 2620 796 2679 dubia
819 2621 1005 2696 explananda
1028 2623 1058 2680 et
1079 2624 1111 2679 in
1134 2621 1249 2698 legibus
1275 2624 1352 2680 artis

172 2709 385 2788 grammaticae
414 2709 606 2786 respiciendis
633 2712 751 2768 tantam
779 2711 868 2769 161666
897 2712 1017 2785 tamque
1044 2712 1172 2768 incertas
1202 2709 1353 2784 plurimas

172 2802 234 2857 eius
253 2799 420 2874 opiniones,
439 2800 473 2857 ut
497 2818 515 2857 6
536 2801 690 2875 proposito
710 2799 797 2876 longe
822 2818 869 2857 me
894 2799 1099 2856 aberraturum
1120 2800 1301 2872 existimem,
1327 2800 1354 2857 si

173 2889 208 2946 16
227 2887 427 2964 singularibus
445 2888 545 2962 rebus,
574 2905 647 2963 quas
672 2888 837 2962 contendit,
864 2887 1006 2946 disserere
1031 2888 1163 2960 molirer3
1191 2905 1226 2944 ea
1253 2888 1355 2963 igitur

172 2977 235 3035 6616
254 2994 408 3050 arcessam,
427 2977 595 3053 quaemihi
614 2976 733 3052 quidem
752 2994 813 3036 esse
826 2975 935 3035 idonea
947 2975 1113 3034 uideantur.
1144 2973 1248 3034 Cetera
1263 2976 1355 3034 adiu-

172 3066 288 3139 menta,
314 3064 419 3140 quibus
442 3084 512 3125 usus
536 3084 601 3125 sum
625 3066 662 3123 ad
685 3065 895 3124 illustrandam
917 3065 1074 3123 materiam
1098 3063 1267 3137 collectam,
1287 3082 1311 3123 s.
1333 3066 1354 3123 l.

173 3153 309 3213 laudabo.

262 3242 349 3301 Nunc
359 3246 467 3317 autem,
483 3245 517 3301 ut
530 3261 593 3300 rem
606 3244 703 3318 ipsam
717 3242 883 3320 aggrediar,
897 3242 1026 3317 primum
1038 3241 1181 3300 sermonis
1191 3242 1356 3301 castrensis
1390 3264 1391 3295 r

173 3332 325 3408 reliquias,
345 3350 418 3407 quas
438 3330 558 3406 quidem
575 3332 738 3390 invenerim
757 3334 810 3390 aut
827 3331 884 3390 hoc
897 3331 1016 3389 nomine
1030 3330 1166 3390 omnibus
1180 3330 1355 3389 rationibus

174 3422 353 3496 computatis
376 3419 482 3497 dignas
506 3438 567 3479 esse
591 3420 706 3495 ducam,
729 3420 837 3479 6166166
862 3423 892 3479 61
915 3420 1046 3496 digestas
1069 3421 1158 3494 atque
1184 3421 1355 3477 necessario

175 3511 322 3585 apparatu
350 3528 384 3566 ex
407 3510 529 3584 optimis
552 3509 732 3568 editionibus
755 3512 873 3584 sumpto
896 3509 1057 3566 instructas
1080 3507 1215 3580 afferam,
1242 3505 1355 3565 deinde

175 3598 213 3655 ad
227 3598 393 3674 singulares
407 3615 453 3656 res
467 3597 660 3657 illustrandas
675 3598 921 3657 commentarium
936 3594 1072 3668 adiciam,
1083 3598 1241 3670 postremo,
1257 3614 1355 3670 quan-

174 3688 239 3744 tum
258 3685 328 3743 licet
346 3705 399 3761 per
416 3685 472 3743 illa
491 3687 669 3763 fragmenta,
688 3685 845 3760 explanare
864 3682 1005 3757 conabor,
1028 3683 1101 3759 quid
1125 3684 1156 3741 16
1179 3685 1356 3742 universum

175 3775 211 3833 de
230 3774 431 3833 Romanorum
452 3792 585 3833 sermone
603 3773 746 3833 castrensi
765 3771 956 3831 iudicandum
975 3790 1036 3831 esse
1056 3791 1197 3831 66666666,
