2790 4930
83 261 275 316 Romanorum
294 259 428 314 sermonis
447 258 597 312 castrensis
615 256 752 326 reliquiae
771 256 905 311 collectae
924 259 953 310 et
971 256 1136 311 illustratae.
1174 256 1238 320 347

565 455 689 541 (laput
712 454 745 521 ΙΙ

133 581 376 648 Romanorum
401 580 579 647 sermonis
602 579 797 646 castrensis
820 579 996 660 reliquiae
1021 579 1170 646 adiectis

409 687 632 754 testimoniis
651 686 900 770 comprobatae

460 831 499 896 A.
517 829 658 895 Minores
680 828 838 911 reliquiae
887 872 889 875 -

479 965 507 1021 1.
530 963 679 1020 Nomina
700 977 818 1019 rerum

249 1080 282 1168 1)
301 1087 602 1145 munimentorum
620 1087 655 1143 et
673 1085 1049 1142 machinamentorum.

155 1216 182 1269 1.
198 1209 279 1269 Caes.
298 1211 326 1269 b.
342 1208 375 1268 G.
391 1209 451 1266 VII
467 1211 522 1283 73,
540 1209 634 1266 2-4
645 1207 706 1266 Kii:
725 1202 853 1288 cippus:
883 1208 1007 1266 Trunois
1027 1207 1167 1266 arborum
1186 1209 1238 1264 aut

64 1299 224 1357 admodum
241 1298 334 1357 firmis
352 1299 443 1357 ramis
463 1297 584 1356 abscisis
604 1299 693 1372 atque
712 1296 817 1354 horum
837 1296 990 1355 delibratis
1015 1316 1049 1354 ac
1070 1297 1239 1371 praeacutis

63 1387 265 1447 cacuminibus
288 1390 449 1463 perpetuae
476 1389 573 1446 fossae
599 1386 705 1461 quinos
729 1384 816 1460 pedes
841 1385 920 1444 altae
943 1386 1134 1444 ducebantur.
1171 1384 1239 1443 Huc

62 1478 110 1535 illi
129 1479 246 1552 stipites
264 1475 385 1534 demissi
404 1480 434 1534 et
453 1475 489 1534 ab
508 1474 610 1532 infimo
625 1474 760 1547 revincti,
779 1494 816 1533 ne
829 1474 934 1533 revelli
948 1476 1077 1549 possent,
1096 1473 1133 1532 ab
1147 1474 1238 1532 ramis

63 1564 241 1624 eminebant.
284 1563 374 1633 Quini
393 1566 478 1622 erant
496 1563 614 1622 ordines
632 1564 782 1621 coniuncti
800 1563 878 1621 inter
897 1580 927 1620 se
947 1566 1037 1638 atquo
1056 1563 1239 1638 complicati3

63 1673 123 1729 quo
138 1656 189 1729 qui
203 1655 398 1729 intraverant,
416 1672 447 1712 sc
461 1653 520 1728 ipsi
534 1652 714 1711 acutissimis
728 1652 816 1711 vallis
829 1651 1001 1710 induebant.
1034 1651 1097 1710 Hos
1112 1653 1237 1727 cippos

61 1742 264 1818 appellabant.
1284 1803 1288 1809 .

154 1833 182 1888 2.
207 1829 288 1890 (lues.
308 1830 335 1889 b.
351 1830 450 1889 dvii
470 1832 520 1904 73,
540 1830 634 1888 5-8
654 1828 716 1887 Kii:
734 1822 855 1889 lilium:
870 1828 948 1888 Ante
968 1829 1021 1888 hos
1046 1821 1236 1910 (5555151555)

62 1919 192 1995 obliquis
211 1919 363 1978 ordinibus
385 1922 417 1978 in
437 1922 632 1994 quincuncem
654 1918 806 1994 dispositis
830 1917 946 1977 scrobes
965 1920 1056 1976 trium
1079 1920 1111 1976 in
1135 1919 1236 1976 altitu-

61 2008 163 2066 dinem
186 2007 295 2084 pedum
317 2008 507 2066 fodiebantur
529 2007 676 2084 paulatim
700 2008 870 2084 angustiore
893 2007 931 2065 ad
949 2006 1084 2065 infimum
1107 2006 1237 2083 fastigio.

60 2097 130 2155 Huc
148 2099 256 2156 teretes
274 2098 392 2173 stipites
410 2097 528 2155 feminis
547 2095 742 2156 crassitudine
761 2095 798 2154 ab
817 2114 932 2154 summo
950 2097 1104 2170 praeacuti
1122 2097 1154 2153 et
1170 2114 1237 2171 pra·

62 2186 141 2244 susti
165 2184 398 2244 demittebantur
423 2189 481 2260 ita,
508 2188 543 2244 ut
569 2203 630 2244 non
653 2186 781 2262 amplius
809 2185 913 2263 digitis
936 2186 1079 2260 quattuor
1101 2203 1136 2242 cx
1159 2186 1239 2242 terra

61 2275 239 2348 eminerent,
261 2275 350 2333 simul
374 2275 570 2333 confirmandi
593 2276 623 2332 et
641 2272 813 2333 stabiliendi
838 2291 928 2332 causa
946 2273 1058 2350 singoli
1076 2272 1113 2331 ab
1136 2272 1238 2331 infimo

60 2363 126 2422 solo
144 2363 234 2439 pedes
252 2366 332 2422 terra
355 2364 597 2438 exculcabantur3
619 2364 736 2438 reliqua
758 2380 827 2438 pars
851 2362 962 2421 scrobis
986 2362 1023 2420 ad
1047 2361 1237 2420 occultandas

60 2452 186 2510 iusidias
216 2453 376 2512 viminibus
407 2472 441 2512 55
470 2453 608 2531 virgultis
633 2452 831 2530 integebatur.
882 2451 979 2511 Huius
1003 2452 1119 2528 generis
1138 2453 1238 2509 octeni

61 2539 180 2598 ordines
205 2540 286 2599 ducti
312 2545 410 2601 ternos
435 2543 514 2600 inter
539 2559 570 2600 se
595 2541 684 2616 pedes
709 2540 869 2600 distabant.
919 2541 955 2598 Id
980 2559 1015 2598 er
1041 2540 1236 2599 similitudine

60 2628 143 2687 floris
162 2628 284 2687 lilium
303 2629 502 2705 appellabant.

153 2718 180 2775 3.
206 2715 288 2776 Caes.
307 2717 334 2775 b.
355 2716 388 2775 G.
402 2717 462 2774 VH
479 2718 563 2791 73,9
584 2716 645 2774 Kii:
670 2710 835 2777 stimulus:
866 2716 945 2774 Ante
972 2718 1045 2776 haec
1073 2707 1234 2797 (55555515)

60 2806 159 2863 taleae
173 2807 278 2882 pedem
288 2806 395 2883 longae
408 2806 512 2864 ferreis
527 2805 624 2864 hamis
638 2804 735 2863 infixis
749 2806 831 2863 totae
845 2807 877 2863 in
891 2808 1002 2864 terram
1015 2804 1238 2865 infodiebantur

60 2894 318 2969 mediocribusque
341 2895 517 2954 intermissis
536 2896 642 2969 spatiis
661 2893 796 2953 omnibus
815 2895 887 2953 locis
907 2894 1135 2969 disserebantur,
1162 2912 1236 2969 quos

61 2983 231 3041 stimulos
250 2983 453 3043 nominabant.

152 3074 181 3130 4.
214 3072 281 3130 bell.
305 3073 391 3149 Hisp.
416 3073 466 3148 5,3
486 3073 548 3131 Ka:
572 3065 773 3133 bracehium:
799 3069 915 3144 Caesar,
933 3073 968 3129 ut
986 3090 1053 3129 eum
1073 3071 1110 3130 ab
1125 3072 1235 3148 oppido

59 3162 288 3236 commeatuque
307 3162 487 3236 excluderet,
509 3162 716 3221 bracchium
735 3159 772 3219 ad
790 3162 912 3237 pontem
937 3160 1043 3218 ducere
1062 3161 1161 3237 coepit
1184 3153 1234 3241 (cf.

59 3248 101 3307 ib.
122 3250 191 3322 6,3.
213 3251 302 3324 13,1.
324 3252 413 3324 23,1.
434 3252 525 3324 24,1.
545 3252 636 3325 40,1.
656 3250 723 3309 bell.
733 3249 797 3307 Afr.
814 3251 866 3323 38,
877 3252 905 3308 2.
925 3251 1016 3324 49,1.
1033 3250 1084 3325 51,
1096 3252 1123 3308 2.
1140 3250 1191 3324 56,
1203 3251 1236 3323 13

61 3338 114 3396 scd
134 3336 247 3397 Cacsar
268 3339 331 3411 ipsc
348 3339 421 3396 citat
437 3339 513 3397 banc
530 3330 648 3419 ccccm).

152 3426 180 3484 5.
200 3425 272 3503 Veg.
296 3425 347 3483 IV.
373 3428 415 3485 10
438 3446 467 3502 p.
492 3419 863 3507 135191125511131152
888 3428 1043 3487 castellum
1066 3427 1234 3503 parvulum,

60 3533 150 3590 quem
173 3513 321 3591 burgum
345 3518 467 3590 vocent,
495 3516 531 3587 cf.
558 3514 588 3573 (l.
612 3513 657 3574 Gl.
676 3514 709 3572 L.
728 3514 772 3572 VI
794 3536 823 3593 p.
844 3517 907 3575 157
932 3515 963 3575 (i.
982 3517 1005 3574 I.
1025 3516 1058 3574 L.
1077 3516 1125 3575 ΠΙ
1148 3517 1233 3574 3653

60 3601 138 3658 VIH
157 3603 258 3676 4799,
271 3606 404 3675 passim*
423 3623 448 3662 5.
468 3604 615 3679 chpicro
633 3603 700 3663 Dia.
721 3604 808 3677 eptpr.
1120 3606 1122 3612 '

152 3691 181 3748 6.
203 3690 300 3749 Amm.
319 3692 408 3751 Marc.
428 3693 526 3752 XXXI
543 3695 600 3768 7,7
617 3692 655 3751 G:
674 3685 829 3773 carrago:
849 3692 887 3751 ad
906 3696 1130 3770 carraginem
1145 3712 1235 3768 quarn

58 3781 105 3837 ita
127 3781 186 3853 ipsi
210 3780 364 3856 appellant
386 3774 450 3861 (ecl.
475 3773 585 3862 Gothi).
609 3781 693 3840 Treb.
717 3780 792 3840 Poll.
817 3780 893 3840 Gall.
921 3784 971 3858 13,
992 3784 1009 3840 9
1029 3774 1085 3839 Pl:
1104 3780 1233 3857 Scythae

59 3867 142 3926 15555
164 3870 353 3946 carragine
375 3889 428 3947 per
446 3873 577 3929 montem
601 3870 757 3930 Gessacem
780 3870 882 3949 fugere
908 3875 978 3930 sunt
1003 3873 1110 3930 conati.
1148 3870 1233 3929 Treb.

59 3956 136 4015 Poll.
154 3954 255 4014 Claud.
271 3958 300 4032 8,
315 3961 348 4016 2:
368 3956 539 4034 [Claudius]
560 3963 785 4037 carraginem
805 4005 877 4018 ....
897 3960 1015 4019 incendi
1033 3959 1112 4018 fecit.
1119 3950 1145 4040 ¹)
1158 3959 1233 4035 Vop.

60 4045 236 4118 Auerno:
255 4049 340 4105 tuum
358 4050 404 4106 est
422 4092 428 4105 .
447 4093 453 4105 .
473 4065 613 4123 quaerere
633 4093 639 4106 .
658 4094 664 4105 .
684 4043 736 4106 ubi
755 4066 905 4125 carrago
925 4050 965 4108 sit
988 4048 1127 4106 hostium.
1148 4048 1232 4108 Treb.

60 4132 135 4192 Poll.
155 4132 257 4193 Claud.
278 4137 307 4209 8,
328 4136 346 4194 5
366 4138 470 4211 ingens
490 4128 671 4217 carrago²)
690 4136 808 4196 deserta
827 4139 879 4196 est.
922 4137 957 4209 cf.
972 4137 1041 4195 ibid.
1054 4137 1082 4210 6,
1093 4138 1121 4194 6.

151 4286 176 4354 1)
205 4287 336 4341 incendia
358 4286 427 4340 fecit
449 4289 545 4354 optimi
567 4289 643 4343 codd.
667 4288 903 4357 B(ombcrqcnsis)
928 4293 953 4342 et
976 4287 1166 4355 Helorinus),
1191 4288 1232 4341 in-

60 4356 217 4411 cendefecit
237 4358 338 4413 Gruter
355 4357 468 4412 incendi
485 4357 555 4412 fecit
568 4360 649 4414 Peter
666 4377 729 4415 cum
746 4358 925 4413 deterioribus
943 4360 1018 4414 codd.
1128 4360 1154 4428 2)
1174 4374 1233 4412 car-

58 4431 126 4498 tago
145 4428 199 4482 B’.
