2790 4930
169 287 234 354 372
463 252 466 257 ’
623 285 627 292 ·
651 284 674 340 J.
695 286 726 340 0.
746 284 860 356 nempe

265 460 313 517 19.
339 457 377 516 ad
394 458 490 516 Amm.
511 458 567 532 31,
588 460 620 532 7,
641 457 696 515 11:
723 449 882 517 barritus:
918 455 960 515 Of.
979 456 1091 533 Kluge:
1114 455 1190 515 Paul
1209 454 1298 516 Grdr.
1319 446 1349 512 1²

174 549 237 607 329
263 547 364 606 Keller
389 547 454 605 Lat.
481 546 664 621 Vollrsetym.
690 565 718 620 p.
745 547 808 603 322
833 564 875 621 sq.
922 545 1029 604 Forma
1055 545 1192 605 vocabuli
1217 564 1279 604 non
1307 548 1350 604 est

173 631 336 711 ε11111111,
355 635 433 711 quod
447 635 544 713 Kluge
563 633 724 708 contendit,
742 634 793 693 sed
812 627 975 693 barritus.
1002 635 1152 693 Ammiani
1177 634 1271 710 codd,
1292 654 1349 693 uno

173 727 238 784 loco
257 728 378 801 excepto
397 717 465 806 (26,
485 726 514 798 7,
534 716 599 805 17),
618 737 638 783 v
657 724 776 784 literam
795 725 940 782 exhibent.
986 723 1044 782 Sed
1062 723 1212 782 Lactantii
1230 724 1349 782 Placidi
1371 748 1375 754 ·

173 815 257 873 libris
276 813 484 890 comprobatur
503 813 590 871 lectio
609 807 750 889 barritus,
768 814 926 890 praecipue
949 813 1195 888 interpretatione
1213 813 1349 872 adiecta:

174 899 316 963 ‘barritus
342 905 374 962 id
402 907 442 961 est
469 903 614 961 barbarus
640 896 735 961 ritus'.
788 900 925 961 Ceterum
954 900 1058 961 Ottoni
1086 903 1188 961 Keller
1219 906 1249 961 et
1285 902 1349 959 Ihm

174 984 444 1073 (Pauly-Wissowa
462 991 528 1049 RE.
543 990 574 1048 Π
591 983 686 1072 pll)
710 990 786 1050 hanc
809 993 841 1049 in
864 992 1042 1050 sententiam
1066 992 1227 1067 astipulor:
1249 992 1349 1067 primo

174 1082 293 1157 quidem
316 1079 523 1140 Germanicum
551 1081 728 1141 vocabulum
756 1074 952 1139 ‘barditus’
981 1073 1032 1164 (cf.
1056 1081 1124 1139 Tac.
1149 1079 1244 1139 Germ.
1268 1074 1307 1163 3)
1334 1100 1350 1137 a

173 1170 315 1229 Romanis
343 1172 528 1245 assumptum
551 1187 613 1229 esse
638 1168 675 1227 ad
698 1169 893 1228 barbarorum
916 1170 1107 1228 auxiliarium
1129 1170 1215 1227 illum
1238 1171 1348 1229 clamo·

173 1281 236 1318 rem
254 1259 397 1318 Martium
416 1258 651 1336 significandum,
670 1258 775 1317 deinde
795 1279 813 1317 a
831 1258 986 1334 militibus,
1006 1259 1058 1334 qui
1076 1259 1163 1316 illum
1176 1259 1310 1318 ferocem
1324 1263 1350 1339 et

173 1352 292 1409 vastum
306 1367 411 1408 sonum
425 1367 492 1406 cum
506 1348 731 1425 elephantorum
750 1348 879 1407 clamore
897 1347 1118 1423 contenderent,
1136 1365 1189 1424 per
1202 1348 1306 1406 iocum
1321 1365 1351 1405 ac

173 1438 276 1496 ludum
313 1430 427 1518 (noque
462 1438 540 1496 enim
572 1437 637 1515 lege
671 1436 866 1514 grammatica
899 1437 1075 1496 assimilatio
1089 1468 1101 1477 -
1116 1437 1152 1495 rd
1166 1468 1177 1477 ·
1192 1437 1349 1495 literarum

173 1528 253 1585 facta
272 1520 331 1608 est)
354 1527 385 1584 in
408 1526 586 1586 barritum
604 1529 767 1604 mutatum3
787 1545 853 1585 cum
872 1529 972 1586 autem
990 1525 1184 1585 barbarorum
1198 1527 1306 1602 copiae
1323 1526 1350 1583 in

174 1615 309 1675 omnibus
328 1616 454 1673 Romani
474 1617 618 1674 exercitus
636 1616 766 1674 numeris
785 1616 881 1694 magis
899 1617 1053 1692 magisque
1068 1615 1286 1692 praevalerent,
1301 1616 1351 1672 ille

173 1704 344 1764 barbaricus
364 1706 476 1763 clamor
494 1705 696 1763 Romanorum
716 1706 778 1763 acie
793 1705 913 1763 omnino
928 1706 1066 1780 acceptus
1081 1707 1126 1763 est
1139 1703 1265 1780 indeque
1283 1704 1350 1762 bar·

174 1796 252 1853 ritus
279 1813 337 1853 vox
364 1794 483 1852 omnino
513 1795 550 1853 ad
579 1795 738 1853 clamorem
764 1794 908 1852 Martium
936 1793 1162 1871 significandum
1194 1796 1348 1868 usurpata.

174 1881 240 1951 Qua
259 1901 294 1940 ex
311 1883 437 1941 historia
455 1882 538 1942 verbi
562 1876 722 1942 ‘horditus'
745 1883 776 1941 id
799 1883 896 1941 solum
919 1882 1051 1940 animum
1074 1882 1246 1958 perculerit,
1270 1881 1372 1956 quod.

173 1971 308 2031 harditus
327 1972 345 2029 i.
362 1993 385 2029 e.
405 1972 509 2031 Tacito
527 1974 603 2030 teste
622 1973 786 2030 carminum
804 1972 930 2046 relatus,
950 1991 1025 2046 quac
1045 1970 1185 2030 Germani
1204 1973 1236 2028 in
1256 1973 1351 2029 aciem

173 2061 364 2136 procedentes
388 2060 562 2135 cantabant,
585 2064 690 2136 postea
708 2060 887 2120 sententiam
905 2061 986 2119 illius
1009 2060 1114 2119 ferocia
1136 2059 1274 2118 clamoris
1301 2060 1351 2117 ha·

174 2151 278 2210 buerit.
326 2150 383 2209 Sed
407 2150 445 2208 ad
460 2216 463 2220 ¹
477 2149 553 2207 hanc
581 2148 788 2208 difficultatem
813 2149 1010 2211 ¹amovendam
1038 2167 1152 2208 sumere
1178 2149 1270 2206 liceat
1300 2150 1352 2206 illa

174 2239 272 2315 prisca
296 2239 428 2298 carmina
447 2238 544 2297 Taciti
567 2238 678 2297 saeculi
700 2239 826 2297 fortasse
849 2240 996 2298 instructa
1017 2238 1109 2296 fuisse
1133 2255 1205 2295 sono
1228 2237 1351 2312 quibus·

175 2328 244 2386 dam
266 2328 372 2405 spatiis
395 2327 537 2404 temporis
563 2330 733 2386 constanter
760 2346 876 2405 semper
902 2329 1080 2400 recurrente,
1108 2325 1160 2401 qui
1187 2326 1352 2402 posteriore

176 2421 273 2476 aetate
293 2417 410 2477 abillis
434 2418 591 2476 cantilenis
615 2418 729 2476 solutus
754 2418 891 2492 solusque
913 2417 1034 2475 relictus
1057 2415 1109 2473 ille
1133 2416 1215 2472 ferox
1238 2415 1353 2473 clamor

176 2508 302 2566 Martius
331 2505 573 2565 Germanicorum
600 2506 778 2565 auxiliorum
804 2505 896 2563 fieret.
928 2537 965 2545 -
1000 2505 1044 2563 De
1072 2502 1187 2580 origine
1213 2502 1353 2562 bar-ditus

175 2596 267 2671 verbi,
287 2595 365 2671 quod
383 2595 598 2655 verisimillime
616 2595 690 2654 mihi
710 2594 963 2671 quoquevidetur
981 2593 1060 2652 idem
1078 2611 1141 2652 esse
1162 2610 1196 2651 ac
1214 2595 1353 2652 nostrum

176 2679 424 2762 ‘Schildgesang',
443 2686 478 2742 of.
497 2684 611 2761 Koegel
629 2685 777 2743 Deutsche
791 2683 1055 2761 Litteraturgesch.
1069 2681 1085 2738 Ι
1101 2684 1151 2756 18,
1174 2681 1355 2739 Milllenhoff

175 2774 211 2832 D.
226 2774 308 2832 Alth.
318 2772 362 2831 IV
379 2774 449 2831 136.
490 2773 644 2833 Postremo
665 2772 742 2849 quod
761 2773 861 2832 Keller
881 2772 960 2849 apud
983 2771 1073 2830 Indos
1095 2789 1198 2829 vocem
1222 2769 1354 2828 similem

176 2882 210 2921 ac
229 2856 367 2938 ‘barrus',
386 2861 625 2939 quandoquidem
643 2862 712 2921 Isid.
732 2881 772 2921 01.
795 2865 846 2935 12,
862 2864 890 2934 2,
906 2861 946 2920 14
966 2862 1057 2921 refert
1076 2859 1133 2918 tali
1158 2858 1283 2917 nomine
1308 2878 1354 2918 eos

176 2953 363 3029 elephantem
382 2953 555 3029 appellasse,
574 2954 689 3012 exstare
705 2952 836 3028 negavit,
849 2950 881 3007 id
896 2948 1112 3008 admonendum
1126 2948 1217 3006 estin
1230 2947 1292 3006 illa
1301 2950 1354 3006 lin·

176 3061 235 3118 gua
254 3036 334 3122 ‘high’
353 3041 399 3102 vel
415 3036 513 3101 ‘barh'
531 3042 661 3100 radicem
676 3059 794 3100 sensum
813 3038 921 3097 habere
940 3037 1088 3097 barriendi
1107 3028 1245 3117 (cf.lex.a
1261 3037 1355 3095 Bdth·

175 3130 361 3207 linga-Roth
380 3131 449 3190 edit.
469 3131 498 3187 V
518 3124 588 3212 27),
607 3150 625 3187 a
644 3148 704 3205 qua
721 3128 820 3186 radice
839 3146 947 3186 nomen
965 3120 1094 3186 *barbas
1114 3125 1279 3184 deductum
1297 3127 1354 3185 for·

175 3222 254 3278 tasse
278 3221 349 3278 olim
373 3220 521 3279 exstitisse
544 3220 575 3277 et
598 3218 699 3292 aliqua
717 3217 833 3275 ratione
856 3217 888 3275 in
911 3215 1053 3275 Latinum
1076 3233 1138 3274 esse
1160 3215 1355 3287 translatum,

175 3308 206 3365 id
230 3309 344 3367 Isidoro
367 3309 466 3367 nescio
491 3325 550 3382 quo
575 3325 590 3362 e
613 3306 695 3365 fonte
721 3305 829 3365 diserte
854 3307 985 3365 testante
1010 3304 1090 3363 haud
1116 3302 1283 3362 absurdum
1313 3308 1355 3362 est

176 3398 356 3456 concludere.
370 3395 506 3453 Indicum
516 3389 657 3453 ‘barbati’
666 3395 766 3472 ipsum
781 3396 818 3456 ad
827 3393 954 3453 Graecos
968 3393 1137 3470 pervenisse
1151 3391 1354 3469 colligendum

175 3487 294 3546 videtur
311 3484 453 3560 Hesychii
471 3485 570 3560 glossa
590 3477 762 3559 βαῤῥαχεῑν
781 3480 879 3558 ἠχεῖν,
895 3484 978 3542 cuius
993 3483 1175 3560 geminatam
1190 3496 1207 3555 ρ
1223 3481 1355 3553 literam,

176 3577 202 3635 si
222 3577 287 3652 quis
306 3593 366 3633 non
384 3575 573 3652 peregrinum
587 3572 619 3631 id
633 3574 856 3646 existimaverit,
875 3590 978 3631 vereor
995 3590 1032 3629 ne
1048 3570 1194 3646 explicare
1213 3574 1353 3644 nequeat.

268 3667 316 3722 20.
342 3663 379 3721 ad
398 3663 466 3722 Tac.
485 3664 553 3722 hist.
575 3663 603 3736 3,
620 3663 675 3721 50:
694 3656 888 3724 clavarium:
904 3659 1075 3719 Olavarium
1089 3657 1209 3736 proprie
1220 3659 1355 3717 ostendit

176 3754 333 3830 pecuniam
360 3751 398 3811 ad
425 3752 524 3811 clavos
553 3751 710 3827 caligarios
738 3749 951 3826 comparandos
975 3748 1121 3807 militibus
1145 3747 1278 3806 solutam
1306 3740 1352 3827 (cf.

176 3843 351 3903 vestiarium
369 3840 555 3916 calcearium,
573 3840 729 3914 salarium3
749 3839 785 3897 de
799 3838 890 3898 clavis
905 3837 1055 3914 caligariis
1070 3836 1146 3894 Plin.
1161 3836 1227 3893 nh.
1245 3837 1277 3910 9,
1291 3829 1353 3917 69).

177 3932 235 3991 Sed
254 3950 321 3990 oum
339 3948 405 3988 eam
422 3930 579 4004 pecuniam
597 3927 677 3986 haud
694 3929 739 3987 ita
757 3947 898 4004 magnam
915 3928 1006 3986 fuisse
1025 3925 1218 3985 manifestum
1232 3924 1286 4000 sit,
1306 3944 1354 4000 ap·

176 4022 263 4097 paret
287 4022 409 4095 propter
433 4018 584 4077 tantulam
609 4035 754 4076 summam
781 4017 892 4074 milites
917 4014 1020 4090 inopia
1047 4015 1221 4073 imminente
1250 4015 1354 4072 anxios

178 4110 215 4168 ad
233 4109 388 4168 seditiosas
407 4126 492 4169 voces
516 4125 579 4168 esse
603 4107 745 4166 adductos
768 4106 869 4183 putari
891 4123 950 4163 non
973 4122 1067 4181 posse.
1108 4102 1237 4162 Videtur
1258 4101 1355 4180 igitur

177 4333 305 4401 ventris')
324 4331 492 4386 vocabulum
511 4331 547 4384 ad
566 4330 670 4384 milites
688 4329 774 4382 refert
797 4327 873 4382 hisce
897 4327 1001 4382 verbis:
1019 4326 1038 4381 1.
1052 4326 1071 4381 1.
1083 4326 1184 4380 vrri:
1203 4326 1278 4395 qaod
1296 4328 1354 4394 far·

178 4411 235 4460 tum
262 4405 421 4459 intestinum
447 4403 618 4458 massucidiis
640 4401 848 4455 Lucanicum
874 4401 984 4471 dicunt,
1008 4399 1080 4468 quod
1102 4397 1229 4453 milites
1252 4414 1272 4450 a
1297 4398 1354 4450 Lu·

177 4478 255 4532 cauis
273 4476 428 4541 didicerint,
446 4481 477 4530 ut
495 4475 567 4544 quod
586 4472 717 4539 Faleriis,
736 4470 910 4526 Faliscum
928 4477 1079 4525 ventrem.
