2790 4930
182 247 248 314 344
661 247 687 302 J.
708 248 739 304 c.
758 249 874 319 nempa

182 417 389 476 dissertatione
408 435 467 475 non
481 419 576 494 magis
591 434 653 476 esse
666 417 850 493 recipiendas
865 437 955 493 quarn
968 418 1049 476 iocos
1068 420 1231 477 castrenses
1251 407 1360 477 vereor

180 526 218 565 ne
237 524 323 564 nemo
342 509 440 582 neget,
459 507 511 581 qui
529 505 694 565 definitioni
713 509 883 583 propositae
903 524 1038 565 assensus
1058 509 1104 566 sit.

270 593 416 663 Quoniam
436 598 531 653 certos
550 594 622 653 fines
642 598 795 671 certosque
814 598 956 654 terminos
974 595 1044 654 huic
1062 595 1261 672 disputationi
1285 615 1350 654 con·

181 684 281 759 stitui,
307 683 461 742 fatendum
483 684 557 741 rnihi
581 687 638 759 est,
662 686 780 743 etiamsi
802 704 892 760 quarn
914 686 1057 759 plurimos
1081 687 1216 743 auctores
1239 689 1350 743 veteres

181 772 303 850 perlegi,
327 776 429 831 tamen
447 791 502 848 pro
520 774 588 830 rata
605 776 691 849 parte
709 791 756 832 me
775 793 835 832 non
853 774 898 833 ita
916 774 1025 832 multas
1043 775 1192 833 invenisse
1210 774 1350 848 reliquias

181 864 337 920 castrensis
363 864 505 919 sermonis
532 879 566 919 ac
588 880 649 920 non
677 881 777 922 omnes
805 864 963 938 scriptores
994 881 1086 938 aeque
1113 864 1205 922 fuisse
1231 863 1350 921 idoneos

181 969 215 1007 ex
242 950 348 1025 quibus
377 950 491 1008 fructus
516 953 678 1025 caperetur.
728 950 934 1010 Perscrutatus
962 969 1028 1010 sum
1051 952 1188 1010 Frontini
1211 954 1351 1028 stratege·

180 1042 271 1113 mata,
291 1038 409 1113 Vegetii
429 1041 590 1113 epitomam
604 1042 647 1097 rei
660 1041 810 1115 militaris,
825 1040 939 1118 Hygini
953 1040 989 1097 de
1006 1043 1170 1099 munitione
1190 1043 1353 1107 castrorum

180 1127 303 1201 librum,
321 1127 524 1185 Romanorum
546 1147 647 1187 omnes
669 1146 769 1186 rerum
792 1131 950 1206 scriptores
974 1148 1067 1205 usque
1092 1130 1130 1187 ad
1153 1129 1350 1202 Ammianum,

179 1215 403 1292 Hieronymum,
418 1214 564 1291 Orosium,
582 1235 598 1273 e
613 1215 731 1275 Graecis
745 1216 912 1293 Polybium,
926 1217 1079 1276 Plutarchi
1093 1220 1171 1276 vitas
1185 1218 1350 1293 parallelas,

180 1304 361 1380 Appianum,
385 1303 519 1363 Cassium
537 1305 673 1380 Dionem,
695 1305 908 1381 Herodianum,
932 1306 1090 1381 Zosimum,
1113 1306 1251 1382 Procopii
1274 1307 1350 1365 belle

181 1393 331 1452 Persicum
356 1392 555 1451 Vandalicum
584 1392 758 1469 Gothicum,
786 1397 995 1472 grammaticos
1022 1394 1146 1453 Latinos
1174 1395 1350 1453 Terentiano

180 1482 285 1539 Mauro
318 1484 453 1557 excepto,
480 1481 593 1540 scholia
619 1485 651 1541 in
678 1484 850 1542 Terentium
877 1483 1037 1541 Horatium
1058 1483 1185 1560 Vergilii
1211 1483 1350 1556 Aeneida,

179 1570 301 1629 Asconii
325 1573 551 1630 commentarios
574 1574 606 1628 in
626 1570 774 1630 Ciceronis
793 1575 941 1632 orationes
955 1572 993 1647 V,
1011 1572 1124 1631 scholia
1142 1572 1306 1630 Bemensia
1322 1575 1351 1630 in

179 1658 347 1733 Lucanum,
370 1659 483 1719 scholia
504 1662 536 1718 in
560 1658 690 1719 Statium
713 1661 885 1719 Iuvenalem
907 1661 1054 1735 Persium,
1080 1660 1184 1719 deinde
1208 1663 1351 1737 glossaria

179 1747 298 1823 Latina,
321 1749 451 1823 Festum,
476 1747 614 1824 Gellium,
637 1749 729 1808 Plinii
752 1751 919 1808 naturalem
941 1750 1106 1825 historiam,
1128 1747 1272 1823 Solinum,
1291 1750 1350 1807 Ma·

180 1838 272 1896 crobii
297 1836 477 1911 Saturnalia,
496 1837 677 1896 Martianum
697 1837 857 1916 Capellam,
876 1839 1023 1898 Isidorum
1042 1831 1204 1919 (capitibus
1222 1838 1258 1895 de
1279 1839 1350 1896 chri-

180 1927 285 1998 stianis
294 1925 381 1985 rebus
396 1919 548 2007 exceptis),
560 1927 692 1987 Petronii
701 1930 826 2003 saturas,
841 1928 932 1987 Plinii
945 1930 1068 1986 minoris
1082 1927 1235 2004 epistulas,
1244 1927 1351 2004 Apulei

179 2015 455 2091 metamorphoseon
474 2015 575 2090 libros,
593 2019 789 2094 panegyricos
807 2009 972 2098 Latinos.1)
1010 2015 1086 2076 Octo
1110 2019 1253 2091 auctores,
1280 2033 1350 2091 quos

179 2103 266 2162 modo
286 2104 513 2163 commemoravi
536 2106 695 2182 -quod,
724 2107 776 2181 qui
801 2124 905 2164 eorum
930 2125 1023 2183 genus
1049 2108 1079 2163 et
1104 2105 1260 2163 consilium
1284 2105 1351 2162 scri·

178 2192 267 2250 bendi
290 2192 363 2252 satis
386 2195 571 2270 cognoverit,
594 2194 683 2252 facile
709 2195 930 2271 intelleget-
953 2195 1030 2251 nihil
1054 2196 1180 2252 fructus¹
1198 2192 1352 2250 ediderunt

178 2282 237 2339 nisi
257 2301 350 2339 unum
372 2281 470 2340 locum
492 2282 615 2341 minoris
639 2286 781 2342 momenti
804 2285 836 2340 in
859 2284 1047 2359 panegyricis
1071 2282 1108 2339 ad
1127 2299 1228 2341 versus
1248 2283 1350 2339 trium-

178 2370 281 2446 phales
299 2371 505 2445 pertinentem.
542 2371 587 2428 Hx
601 2371 692 2429 Plinii
710 2373 831 2430 maioris
850 2372 943 2446 libris,
962 2373 1072 2446 quippe
1091 2371 1143 2445 qui
1162 2373 1192 2427 et
1215 2372 1278 2445 ipse
1305 2369 1352 2428 diu

178 2459 355 2518 militaverit
373 2462 412 2520 ,st
439 2477 526 2517 sensu
550 2462 611 2517 acri
639 2478 673 2518 ac
700 2461 832 2518 mirabili
860 2460 989 2535 quodam
1017 2459 1055 2517 ad
1082 2477 1128 2517 res
1157 2458 1204 2517 vel
1233 2459 1353 2534 exiguas

178 2550 209 2605 et
244 2548 281 2607 ab
314 2547 381 2606 aliis
413 2549 523 2605 temere
553 2547 702 2624 neglectas
732 2549 861 2607 valuerit
888 2549 1102 2626 observandas,
1136 2565 1233 2623 pauca
1259 2546 1354 2620 hausi,

179 2635 270 2694 etiam
288 2637 365 2695 unde
384 2636 507 2694 dubium
526 2656 564 2693 an
582 2655 669 2717 nemo
688 2640 845 2713 exspectet.
865 2670 907 2678 -
931 2637 966 2695 In
990 2636 1109 2696 scholiis
1133 2654 1168 2693 ac
1192 2635 1354 2711 glossariis,

179 2725 327 2800 aquibus
356 2743 537 2800 quamquam
564 2743 660 2785 sermo
688 2727 821 2803 plebeius
849 2727 963 2786 alienus
990 2727 1132 2799 nonest,
1159 2725 1260 2781 tamen
1284 2743 1355 2783 casu

178 2813 249 2887 lore,
268 2817 303 2871 ut
322 2816 484 2872 castrensia
497 2814 643 2874 vocabula
656 2816 705 2875 vel
719 2816 882 2875 locutiones
896 2816 1078 2891 indagarem,
1096 2832 1156 2871 non
1170 2813 1356 2889 ignorabam,

178 2902 329 2961 nonnullis
347 2901 499 2978 isdemque
519 2904 683 2979 aptissimis
697 2905 819 2964 vocibus
837 2906 963 2981 repertis
984 2896 1047 2984 (sol.
1065 2905 1098 2961 in
1113 2901 1193 2960 Serv.
1213 2903 1244 2958 in
1263 2903 1355 2960 schol

181 2990 219 3048 ad
237 2990 307 3049 Luc.
326 2993 358 3048 in
377 2985 480 3073 gloss.)
500 2993 584 3052 labor
603 2993 791 3069 quaeritandi
810 2993 912 3068 aliqua
931 2993 1050 3068 quidem
1069 3009 1085 3047 e
1103 2993 1188 3065 parte
1213 2994 1356 3066 pensatus

181 3081 234 3137 est.
254 3111 297 3120 -—
322 3080 358 3138 In
377 3079 521 3141 Varronis
547 3081 583 3140 de
609 3082 712 3158 lingua
734 3081 843 3138 Latina
870 3080 967 3155 libris,
993 3097 1053 3153 qua
1077 3078 1137 3136 fuit
1154 3079 1356 3153 Romanorum

182 3171 324 3228 sermonis
344 3188 378 3227 ac
397 3169 477 3229 vitae
501 3171 637 3242 scientia,
660 3171 720 3226 tres
744 3170 934 3226 occurrerunt
956 3168 1015 3226 loci
1038 3167 1075 3225 ad
1093 3167 1149 3227 hoc
1167 3169 1357 3242 propositum

181 3260 403 3332 convenientes,
434 3257 513 3334 apud
542 3255 672 3314 Gellium
699 3256 839 3315 totidem:
866 3256 898 3314 id
921 3256 999 3333 quod
1023 3257 1055 3313 in
1077 3256 1133 3314 hoc
1161 3256 1301 3314 abstruso
1331 3260 1358 3313 et

179 3346 279 3403 ieiuno
305 3348 501 3422 grammatico
527 3344 698 3405 mirandum
721 3348 774 3403 est.
818 3344 916 3404 (letari
939 3345 1128 3424 grammatici
1150 3362 1233 3418 spem
1257 3364 1357 3403 meam

180 3435 318 3508 quamvis
347 3435 485 3511 exiguam
512 3433 544 3491 in
572 3433 609 3492 iis
634 3436 811 3510 posuissem,
834 3453 954 3511 prorsus
977 3435 1154 3493 fefellerunt.
1174 3465 1218 3472 —
1240 3432 1356 3492 Fecun-

179 3523 319 3581 dissimus
340 3525 440 3581 autern
457 3522 524 3581 fons
543 3522 678 3581 historici
696 3524 824 3582 fuerunt.
857 3524 902 3583 Ac
920 3525 1049 3600 primurn
1064 3523 1183 3598 quidem
1198 3540 1232 3579 ex
1246 3521 1356 3580 Rorna-

180 3630 286 3669 norum
313 3631 411 3669 rerum
439 3611 647 3686 scriptoribus,
676 3615 728 3686 qui
755 3616 824 3671 ante
851 3611 1026 3671 Sallustium
1052 3613 1186 3684 fuerunt,
1212 3611 1357 3684 pauciora

179 3703 249 3759 sunt
276 3701 445 3776 fragmenta
472 3703 591 3760 servata
619 3720 710 3775 quarn
738 3703 772 3758 ut
798 3701 895 3759 multa
921 3700 1008 3759 huius
1036 3700 1152 3777 generis
1178 3698 1356 3759 hauriantur

179 3781 230 3868 (cf.
250 3808 342 3846 unum
365 3788 489 3848 verbum
514 3783 650 3869 ‘copiari'
675 3788 754 3865 apud
778 3786 851 3846 Gell.
870 3791 920 3864 17,
935 3791 997 3865 2,9
1022 3806 1057 3846 ex
1081 3786 1205 3846 Claudio
1229 3786 1355 3855 Quadri·

179 3878 264 3954 gario
278 3877 358 3935 infra
372 3896 399 3952 p.
411 3868 500 3954 351).
533 3875 693 3935 Sallustius
711 3878 785 3952 ipse,
802 3880 907 3955 utpote
927 3878 978 3953 qui
996 3895 1055 3934 non
1074 3880 1109 3934 ut
1126 3877 1288 3935 historicus
1305 3878 1356 3937 sed

178 3968 214 4023 ut
238 3968 338 4023 orator
361 3964 503 4042 legendus
527 3966 568 4023 sit
587 3958 691 4046 (Gran.
706 3965 768 4027 Lio,
787 3967 882 4026 Bonn.
896 3988 924 4043 p.
939 3958 1007 4047 43),
1029 3968 1093 4024 tarn
1111 3965 1225 4025 alicnus
1244 3968 1291 4023 est
1309 3968 1356 4025 vel

178 4078 390 4085 Ι,---....-----.

269 4134 295 4201 1)
323 4133 365 4186 Ex
387 4132 621 4204 inscriptionibus
645 4149 692 4187 eas
717 4136 802 4189 modo
829 4134 1016 4205 pervestigari
1039 4136 1068 4188 ct
1090 4134 1202 4202 excepi,
1229 4149 1304 4202 quae
1327 4135 1356 4188 in

179 4203 330 4274 glandibus
354 4205 494 4273 plumbeis
522 4205 631 4259 incisae
656 4207 731 4258 certo
757 4207 793 4259 ad
815 4206 919 4260 milites
942 4206 1086 4274 gregarios
1109 4205 1207 4258 referri
1224 4209 1355 4274 possunt,

179 4276 325 4344 praeterea
353 4276 460 4331 indices
485 4276 610 4347 corporis
634 4275 849 4345 inscriptionum
873 4277 1010 4345 perspexi,
1039 4276 1087 4330 sed
1113 4292 1208 4329 omncs
1232 4277 1355 4346 corporis

180 4345 377 4414 inscriptiones
400 4347 476 4415 ipsas
500 4348 663 4401 examinare
686 4364 761 4401 nunc
789 4346 901 4416 quidem
928 4347 1054 4416 nequivi,
1080 4348 1110 4401 in
1138 4348 1264 4402 tirturum
1292 4364 1356 4403 vero

178 4416 234 4469 nisi
253 4415 317 4470 aliis
336 4415 419 4470 rebus
438 4418 593 4487 detinebor,
616 4418 702 4474 etiam
720 4418 801 4472 illum
819 4418 925 4473 fontem
943 4417 1146 4486 perscrutabor.
1187 4487 1191 4492 ἡ
