2790 4930
81 173 278 227 Romanorum
297 170 431 226 sermonis
450 171 599 225 castrensis
618 170 754 240 reliquiae
774 169 909 225 collectae
928 172 956 224 et
975 170 1140 226 illustratae.
1178 170 1244 235 363

162 342 233 401 132.
254 341 283 398 Ζ.
301 341 356 398 65:
375 340 407 397 L.
417 331 560 420 A(ntoni)
581 338 680 413 Oalve,
698 339 805 398 Fulvia
823 339 922 397 culum
940 330 1100 420 pan(dite).
1120 331 1134 420 )

161 448 232 505 133.
253 447 283 504 Z.
302 448 358 506 77:
376 446 454 504 LXI
469 438 526 527 (=
542 447 613 519 lepis
626 436 794 525 1001001010)
808 445 909 504 divom
928 446 1039 504 Iulium
1053 437 1242 526 (3011101000-

294 562 297 563 ’
376 553 444 593 rnur
466 528 510 593 ael
533 535 645 607 aliquid
668 524 812 614 sirnile.)²)

161 644 233 701 134.
254 643 283 700 Ζ.
300 643 356 701 84:
379 644 489 700 esureis
508 644 538 700 et
555 660 603 699 me
622 641 708 699 celas.

96 812 134 900 4)
155 820 259 896 glans
277 818 410 896 Apsori
428 812 462 899 (i.
477 839 500 877 e.
520 821 555 877 in
575 817 702 877 Ossero
721 820 799 878 vico
818 820 854 875 in
873 819 995 876 insula
1013 817 1211 877 Liburniae

453 906 585 966 Oherso
605 900 690 987 sito)
710 909 865 981 reperta.

107 1068 109 1070 -
161 1033 232 1091 135.
253 1033 282 1089 Z.
302 1034 377 1092 109:
395 1033 561 1108 pertinacia
578 1050 631 1091 vos
654 1031 797 1091 radicitus
815 1023 932 1110 101013)

158 1228 316 1302 Postquain
332 1229 566 1301 manuscriptum
583 1228 644 1287 iarn
663 1229 780 1300 confeci
799 1224 964 1286 Eduardus
984 1227 1119 1299 Wo'lfttin
1137 1227 1242 1285 libera-

64 1319 133 1376 liter
151 1335 263 1377 rneeurn
285 1319 507 1376 eamunuauit
527 1317 604 1376 lunc
626 1319 733 1376 locun:

160 1424 231 1482 136.
247 1423 319 1500 Veg.
332 1423 648 1497 mulomed.2,28,3i:
666 1424 735 1499 equi
753 1415 938 1483 tottonarii:
958 1440 1049 1497 equos
1064 1439 1137 1497 quos
1151 1422 1243 1499 vulgo

63 1512 254 1588 trepidarios,
269 1513 393 1570 militari
411 1513 500 1571 verbo
518 1514 744 1571 tottonarios
762 1513 880 1586 vocant,
898 1513 943 1569 ita
961 1510 1100 1570 edomant
1119 1511 1156 1568 ad
1170 1511 1242 1569 levi-

64 1604 163 1659 tatem
190 1603 221 1658 01
247 1601 393 1676 quaedam
419 1601 624 1661 blandimenta
651 1603 802 1675 vecturae,
832 1602 866 1658 ut
896 1600 1100 1658 asturconibus
1131 1600 1241 1658 similes

67 1690 194 1749 rideant
232 1734 238 1747 .
913 1707 916 1714 ·

158 1779 307 1852 00001001
319 1797 397 1838 nunc
415 1780 506 1855 uideo,
523 1781 581 1838 ista
595 1797 650 1838 uon
664 1772 915 1851 drouuroaoriuc
928 1780 1027 1851 npura
1041 1779 1110 1849 teta
1128 1778 1243 1835 uidetur

63 1868 118 1935 ita,
141 1871 233 1926 ntea
254 1869 395 1927 militares
418 1870 559 1942 crepiturn
579 1870 692 1927 imitari
714 1870 897 1940 temptarent,
926 1884 1009 1939 quera
1033 1868 1097 1938 equi
1120 1867 1241 1938 inquieti

65 1957 221 2030 metroque
243 1957 382 2016 saltantes
399 1959 523 2030 pulsata
540 1957 666 2030 pedibus
688 1957 775 2015 auno
797 1959 948 2014 nocerent.

558 2181 681 2266 Caput
703 2178 753 2246 ΙΙΙ

512 2304 810 2373 Commentarius.

102 2497 104 2501 -
160 2455 253 2516 1—3.
282 2455 320 2512 ad
340 2451 421 2513 Caes.
435 2456 462 2513 b.
478 2453 513 2513 G.
530 2458 558 2529 7,
575 2457 626 2528 73,
641 2457 741 2513 2-9:
759 2454 822 2512 Has
841 2454 1020 2512 munitiones
1039 2450 1156 2526 Caesar,
1175 2471 1242 2510 oum

66 2541 200 2600 Alesiam
218 2543 444 2602 circumsederet
462 2534 740 2624 (15210111),
760 2544 916 2617 exstruxit,
939 2544 974 2600 ut
995 2541 1113 2600 facilius
1131 2541 1241 2599 milites

66 2631 170 2689 multis
188 2631 261 2690 locis
280 2634 417 2708 occupati
434 2632 465 2690 et
483 2631 599 2690 disiecti
617 2632 716 2689 hostes
740 2649 758 2688 a
780 2633 865 2706 parte
889 2633 1015 2706 utraque
1038 2631 1176 2707 urgentes
1196 2648 1241 2687 ar·

67 2721 175 2777 cenent.
222 2719 353 2789 Quarum
380 2723 502 2779 nomina
525 2740 543 2778 a
566 2718 690 2779 Caesare
714 2719 808 2778 allata
829 2739 889 2778 non
915 2738 976 2778 esse
999 2721 1141 2778 terminos
1164 2719 1241 2777 mili·

66 2811 157 2880 tares,
175 2807 227 2865 sed
245 2811 316 2867 tunc
334 2809 454 2884 quidem
473 2830 490 2867 a
508 2809 654 2868 militibus
676 2810 799 2867 inventa
817 2827 884 2867 curn
897 2808 945 2867 vel
960 2827 993 2866 eo
1009 2811 1142 2883 apparet,
1161 2808 1241 2883 quod

67 2896 143 2954 alias
158 2896 279 2972 quidem
291 2897 348 2956 hoc
361 2916 448 2957 sensu
462 2898 599 2973 praedita
617 2917 676 2956 non
694 2899 891 2973 reperiuntur,
909 2899 974 2955 tum
987 2899 1120 2972 tempore
1133 2898 1240 2972 imper-

65 2986 145 3043 fecto
172 2988 218 3043 ter
245 2988 372 3062 repetito
401 2978 653 3067 (appellabant
679 2988 711 3043 in
735 2985 814 3061 §54
838 2988 869 3045 et
888 2987 921 3063 8,
949 2985 1183 3044 nominabant
1208 2988 1240 3043 in

67 3065 152 3153 §tlt
175 3075 210 3132 ot.
234 3075 291 3133 hac
318 3075 354 3132 de
379 3094 410 3133 re
439 3078 469 3134 et
496 3077 615 3135 omnino
643 3076 679 3133 de
706 3076 826 3153 ingenio
854 3076 960 3133 horum
991 3076 1242 3133 munimentorum

65 3161 428 3241 Kraneri-Dittenbergeri
446 3155 731 3244 commentarium.4)
763 3158 878 3246 (lippos
896 3165 959 3221 veri
977 3163 1161 3221 simillimum
1180 3181 1241 3222 osse

67 3253 140 3326 puto
154 3251 223 3310 illos
237 3253 353 3328 stipites
372 3256 546 3328 praeacutos
562 3257 592 3311 et
605 3254 684 3313 hosti
702 3271 875 3329 processuro
895 3253 1115 3311 exitiosissimos
1134 3271 1240 3330 genero

67 3338 196 3413 quodam
212 3342 354 3400 acuminis
368 3342 553 3401 stomachoso
573 3343 739 3418 appellatos
758 3361 829 3416 esse,
848 3362 914 3401 oum
932 3342 1042 3400 milites
1060 3341 1116 3399 hoc
1134 3360 1241 3399 nornen

66 3430 250 3487 invenientes
278 3432 309 3488 et
335 3434 511 3506 usurpantes
539 3431 575 3489 de
602 3433 800 3490 monumentis
829 3431 1005 3506 quibusdam
1028 3430 1241 3504 sepulcralibus

67 3518 242 3591 cogitarent,
257 3537 333 3593 quae
349 3522 438 3578 etiarn
453 3520 597 3578 Horatius
619 3511 828 3599 (sat.1,8,12)
848 3522 949 3595 cippos
968 3513 1240 3579 nominat.-lrilii

66 3624 191 3663 nomen
210 3625 244 3665 eo
266 3607 435 3667 adhibitum
454 3611 507 3683 est,
531 3608 610 3682 quod
627 3608 698 3666 illae
717 3607 833 3666 serobes
852 3610 1022 3685 angustiore
1046 3608 1083 3666 ad
1104 3608 1239 3666 infimum

66 3694 188 3770 fastigio
216 3698 367 3754 coartatae
395 3697 526 3756 liliorum
550 3697 712 3756 acetabulis
735 3697 845 3756 similes
874 3699 972 3771 erant,
995 3717 1010 3756 e
1034 3697 1141 3772 quibus
1164 3699 1239 3756 tere-

166 3848 192 3913 1)
220 3849 260 3901 sio
288 3847 421 3918 Borpbesi
449 3848 644 3917 interpretatur
670 3855 734 3903 teste
757 3846 925 3904 Mommseno
950 3849 978 3902 O.
998 3844 1072 3904 LL.
1087 3846 1109 3901 I
1127 3865 1154 3902 n.
1175 3852 1238 3902 684.

68 3919 95 3984 2)
109 3916 148 3970 sie
161 3917 410 3988 ZoupBerplciuru
428 3925 534 3973 secutus
551 3925 619 3974 recte
637 3921 764 3990 explieat.
869 3921 896 3987 3)
923 3916 1040 3985 Titulos,
1058 3936 1124 3988 quos
1142 3919 1240 3973 milites

67 3988 239 4056 insculpsisse
259 3990 292 4042 in
314 3992 445 4058 sepulcris
467 3991 676 4059 imperatoribus
696 3990 838 4046 Gudiano
862 3999 886 4045 et
908 3991 999 4045 Probo
1021 4008 1040 4044 a
1061 4007 1089 4044 se
1110 3992 1240 4044 eatruetis

71 4059 218 4112 Trebellius
240 4060 332 4114 Pollio
355 4061 453 4128 (Gora.
469 4066 518 4128 34,
531 4064 625 4128 2-4)
645 4068 670 4116 01
692 4062 824 4131 Vopiscus
847 4062 941 4129 (Prot.
956 4066 999 4127 21,
1009 4064 1038 4128 4)
1062 4062 1149 4115 uerbis
1172 4062 1240 4129 ipsis

67 4129 180 4185 01100110
197 4131 384 4198 tradiderruit,
403 4134 470 4202 quia
492 4133 558 4199 {isles
580 4148 672 4187 eorum
694 4135 727 4188 de
750 4134 819 4188 uotis
837 4138 861 4187 01
883 4133 1108 4200 inscriptionibus
1130 4133 1240 4186 insertis

67 4201 145 4254 ualde
166 4201 254 4256 dubia
272 4209 310 4257 est
329 4203 376 4269 (cf.
387 4203 425 4257 H.
437 4204 522 4270 Peter,
546 4204 590 4258 die
612 4205 755 4272 scriptores
772 4204 901 4258 historiae
919 4204 1076 4273 Aupustae,
1091 4204 1239 4272 praecipue

64 4274 248 4341 022801),
275 4275 361 4328 omisi.
500 4277 526 4343 4)
554 4275 637 4342 Item,
670 4275 746 4343 quod
778 4274 976 4328 Gundermann
1007 4291 1052 4328 me
1084 4274 1238 4342 admonuit,

68 4341 225 4411 Napolion:
249 4343 366 4399 histoire
385 4346 420 4400 de
438 4345 562 4400 101010
579 4346 605 4400 Π
623 4365 649 4416 p.
666 4351 717 4400 304
736 4348 765 4400 01
784 4350 842 4398 322.
