2790 4930
60 223 253 280 Romanorum
272 223 405 279 sermonis
425 225 576 279 castrensis
594 223 731 294 reliquiae
750 226 884 281 collectae
904 229 932 281 ct
950 227 1115 283 illustratae.
1154 228 1219 293 355

138 395 188 454 59.
213 394 292 452 Suet.
320 392 382 452 oal.
407 395 448 453 35
468 395 507 456 R:
531 388 729 455 Colosseros:
755 396 830 453 Erat
852 397 940 455 116116
966 396 1110 456 Proculus
1136 399 1222 472 patre

42 483 226 559 primipilari
236 483 273 541 ob
284 485 434 560 egregiam
444 486 575 560 66166116
591 484 819 559 amplitudinem
833 487 863 541 66
872 487 999 560 66661611
1011 484 1221 546 Colosseros

43 572 150 631 dictus.

136 662 186 721 60.
210 661 279 719 Tae.
300 661 461 718 6111141
483 660 521 719 O:
545 655 708 742 Caligula:
734 662 832 720 infans
858 663 890 719 in
916 664 1020 721 eastris
1046 665 1164 741 genitus
1190 667 1221 722 in

43 749 238 808 contubernio
258 750 409 827 legionum
432 750 570 825 eductus,
593 769 681 826 quem
703 750 829 831 militari
852 751 996 810 vocabulo
1017 751 1221 830 Caligulam

43 839 247 914 appellabant,
267 841 338 915 quia
356 839 531 914 plerumque
551 839 589 896 ad
608 839 793 898 concilianda
812 839 895 917 uulgi
914 841 1014 898 studia
1039 859 1073 899 eo
1091 843 1222 919 tegmine

41 928 154 1002 pedum
176 928 364 985 induebatur.
406 929 612 1001 6661166666.
634 929 684 1002 69,
708 926 788 986 Suet.
814 927 875 986 oar.
896 931 914 987 9
939 930 1010 987 Aur.
1034 930 1112 988 Vict.
1139 929 1220 989 Caes.

43 1017 73 1089 3,
93 1017 113 1074 4
135 1015 215 1075 Cass.
234 1016 292 1075 Dio
313 1017 353 1074 57
376 1019 405 1090 5,
425 1017 443 1074 6
463 1016 573 1076 111661.
593 1017 652 1074 ΧΠ
672 1015 752 1082 Caes.
774 1021 803 1090 9,
820 1019 936 1076 6661666.
958 1020 1007 1076 17.

137 1099 202 1182 [61.
226 1104 345 1181 Lampr.
356 1104 439 1163 Alex.
451 1104 515 1163 Ser.
533 1108 584 1179 12,
598 1107 618 1164 4
633 1099 691 1163 P²=
706 1099 860 1167 Severus:
877 1106 914 1165 ob
928 1107 1079 1184 ingentem
1088 1109 1221 1185 vigorem

40 1195 136 1251 611111
162 1195 191 1251 66
215 1194 383 1252 mirandam
409 1194 647 1272 singularemque
674 1196 873 1254 constantiam
896 1197 1000 1255 contra
1022 1197 1153 1255 militum
1175 1199 1219 1254 in·

41 1282 202 1340 solentiam
217 1281 341 1342 Severi
354 1301 461 1341 nomen
476 1302 493 1342 a
506 1283 653 1343 militibus
668 1285 763 1342 eidem
777 1275 839 1363 (sci.
856 1287 1026 1357 imperatori
1035 1278 1220 1366 Alexandro)

39 1371 172 1429 inditum
187 1372 247 1446 cst,
262 1373 297 1444 cf.
311 1373 380 1430 ibid.
397 1373 449 1446 25,
465 1374 483 1430 2
498 1372 571 1430 Aur.
590 1372 668 1431 Vict.
688 1372 770 1431 6666.
787 1375 838 1447 24,
858 1368 900 1451 4.]

134 1461 184 1518 oo.
202 1459 278 1535 vop.
286 1460 357 1518 Aur.
368 1462 396 1534 6,
413 1463 497 1518 1-2
516 1455 574 1518 pr,
597 1455 693 1523 116116
713 1454 755 1522 ad
774 1455 911 1523 ferrum:
933 1457 1142 1541 [Aurelianus]
1162 1464 1221 1521 fuit

40 1548 137 1625 gladii
159 1549 312 1608 exserendi
339 1549 471 1624 cupidus.
521 1550 601 1607 Nam
624 1569 691 1608 cum
714 1552 865 1609 6666116111
889 1553 1018 1608 exercitu
1045 1552 1104 1609 duo
1126 1551 1220 1609 Aure-

39 1638 116 1695 liani
134 1637 261 1715 tribuni,
284 1638 333 1696 hic
351 1638 382 1694 et
401 1638 491 1712 alius,
513 1638 582 1696 huic
601 1641 719 1715 signum
738 1641 882 1697 exercitus
902 1640 1082 1714 adposuerat
1105 1635 1220 1699 ‘manu

40 1727 84 1784 ad
104 1721 260 1801 ferrum’,
279 1728 314 1784 ut
332 1727 358 1785 si
376 1725 452 1784 forte
472 1728 672 1802 quaereretur,
695 1730 761 1803 quis
779 1727 958 1786 Aurelianus
981 1728 1093 1804 aliquid
1113 1730 1161 1788 161
1179 1730 1220 1786 fe-

39 1816 131 1873 cisset
148 1815 198 1872 161
220 1816 373 1892 gessisset,
399 1818 606 1894 suggereretur
626 1810 856 1875 ‘Aurelianus
881 1835 986 1875 manu
1010 1817 1051 1875 ad
1075 1812 1219 1876 ferrum'

41 1905 132 1979 atque
153 1906 386 1982 cognosceretur.

132 1993 182 2051 63.
205 1992 302 2051 Arum.
329 1993 419 2051 Maro.
446 1991 529 2050 XXX
556 1996 590 2066 7,
617 1996 635 2051 2
662 1992 701 2052 G:
729 1987 906 2055 Funerios:
935 1993 1096 2053 Gratianus
1121 1997 1217 2054 maior

38 2073 207 2162 (66166661
224 2083 409 2154 imperatoris
429 2073 641 2163 Valentiniani)
665 2082 790 2161 ignobili
809 2085 901 2159 stirpe
921 2085 1147 2160 cognominatus
1171 2086 1217 2142 est

38 2188 58 2227 6
82 2172 212 2244 61611616
233 2172 331 2245 prima
355 2170 531 2229 Funarius
555 2189 590 2228 ea
612 2190 658 2245 re,
681 2171 761 2246 quod
783 2172 916 2230 nondum
938 2172 1058 2231 adultus
1082 2172 1218 2231 venalem

38 2259 248 2317 circumferens
267 2259 370 2316 funem.
391 2261 522 2334 quinque
544 2260 690 2318 militibus
713 2278 781 2318 eum
803 2280 907 2337 rapere
926 2261 1025 2319 studio
1043 2280 1151 2338 magno
1171 2281 1217 2320 co·

37 2349 120 2405 natis
139 2366 327 2422 nequaquam
337 2350 433 2407 cessit.
453 2349 488 2420 cf.
498 2347 654 2407 11117166.
670 2366 714 2424 ep.
730 2346 782 2423 45,
798 2352 816 2407 2
832 2341 1070 2431 (erutor-imas
1093 2342 1216 2430 (Valea-

38 2427 444 2517 6666666)666616166161116
463 2436 604 2496 mediocri
622 2439 715 2514 stirpe
734 2440 816 2497 ortus
838 2439 918 2513 apud
938 2438 1217 2497 61661661111161116

37 2523 209 2600 6666116616
233 2527 348 2600 66666,
377 2526 455 2601 quod
474 2526 653 2585 venalicium
678 2527 778 2584 funem
800 2530 935 2601 portanti
959 2530 1088 2603 quinque
1106 2528 1217 2586 milites

35 2615 198 2688 nequirent
216 2614 402 2689 extorquere:
422 2632 456 2672 eo
474 2617 580 2673 merito
600 2616 711 2673 ascitus
729 2617 761 2672 in
779 2617 958 2674 militiam..

131 2702 180 2760 64.
204 2701 276 2760 Aur.
291 2701 368 2761 Vict.
384 2722 428 2778 ep.
444 2703 501 2777 40,
517 2703 557 2760 15
573 2696 882 2763 Gr:A1¹molllol¹ius:
899 2703 1035 2763 Galerius
1059 2751 1065 2762 .
1082 2751 1087 2761 .
1107 2706 1166 2763 fuit
1186 2752 1191 2761 .
1209 2752 1214 2762 .

36 2792 123 2849 ortus
142 2790 315 2866 parentibus
335 2792 461 2869 agrariis
479 2794 583 2867 pastor
601 2792 811 2865 armentorum,
829 2793 908 2850 unde
927 2796 954 2851 61
973 2812 1135 2872 cognomen
1149 2793 1213 2851 Ar-

35 2881 238 2939 mentarius
261 2879 327 2938 6116.
365 2882 401 2953 cf.
419 2882 488 2939 ibid.
515 2882 599 2955 39,2
620 2879 674 2938 Gr:
694 2879 846 2939 Galerium
864 2882 1080 2940 Maximianum
1103 2902 1210 2960 cogno·

36 2970 139 3026 mento
158 2967 434 3027 Armentarium.

130 3058 180 3115 os
204 3057 268 3116 Liv.
283 3057 366 3115 XXX
381 3059 433 3133 45,
450 3060 467 3115 6
484 3058 518 3119 Ζ;
537 3056 703 3116 Africani
722 3076 917 3135 cognomen
935 3060 1214 3135 11111611161116

35 3145 143 3202 favor
162 3146 373 3222 616661116116
393 3165 466 3204 aura
485 3146 679 3206 celebraverit
698 3166 736 3205 61
755 3149 844 3206 sicuti
862 3148 969 3206 Felicis
984 3147 1085 3206 Sullae
1100 3150 1214 3226 Magni-

34 3251 96 3309 que
115 3232 238 3309 Pompei
260 3236 382 3309 patrum
405 3239 547 3294 memoria
570 3232 707 3310 coeptum
726 3236 763 3295 ab
783 3238 984 3295 assentatione
1002 3237 1145 3295 familiari
1168 3240 1215 3312 sit,

33 3340 145 3397 parum
164 3324 349 3397 compertum
366 3323 474 3385 habeo:
492 3327 606 3401 primus
626 3327 704 3383 certe
723 3326 771 3384 hic
789 3327 953 3403 imperator
975 3328 1094 3384 nomine
1117 3328 1214 3385 116666

35 3410 77 3468 611
96 3428 126 3468 66
141 3413 238 3487 gentis
253 3415 299 3470 est
311 3411 501 3489 nobilitatus,
516 3415 648 3490 exemplo
663 3414 769 3472 deinde
782 3415 870 3474 huius
884 3433 1074 3491 nequaquam
1087 3416 1214 3474 11666116

32 3517 124 3575 66166
143 3502 268 3578 insignis
287 3502 451 3579 imaginum
469 3504 573 3561 titulos
593 3502 732 3577 oleraque
752 3506 928 3580 cognomina
942 3503 1125 3562 familiarum
1139 3506 1213 3563 asci-

33 3589 153 3647 verunt.

129 3677 179 3734 66.
205 3675 275 3751 Gap.
285 3677 353 3736 Ver.
366 3681 394 3752 7,
410 3683 427 3738 9
444 3672 501 3740 Pl:
522 3673 647 3757 [Verus]
664 3699 731 3739 cum
744 3679 1049 3757 1166166111116116116
1070 3683 1213 3756 susceptis

33 3784 53 3822 a
70 3765 176 3822 senatu
194 3766 411 3843 nominibus,
429 3787 520 3843 quae
539 3771 574 3826 in
594 3772 753 3828 exercitu
777 3772 966 3846 acceperat
985 3762 1047 3850 (sol.
1061 3770 1214 3828 Armenici

32 3852 170 3911 Parthici
188 3854 296 3912 Medici
315 3856 350 3929 cs.
371 3855 390 3931 ἕ
411 3848 453 3936 2).

128 3941 298 4000 6711111111.
322 3944 412 4004 Marc.
437 3945 524 4003 XVH
549 3948 604 4021 13,
632 3947 671 4004 25
698 3946 737 4007 G:
763 3948 831 4006 Tali
852 3950 936 4008 textu
961 3950 1041 4006 reete
1063 3947 1212 4006 factorum

34 4029 297 4089 Constantiusiam
305 4036 454 4092 metuente
462 4034 852 4112 sublimiormilitarique
867 4055 1042 4095 consensu
1056 4036 1211 4095 seeundo

33 4118 259 4178 Sarmaticus
284 4122 453 4196 appellatus
472 4143 507 4181 ex
528 4123 672 4182 vocabulo
692 4125 889 4184 subactorum.
920 4126 955 4197 cf.
979 4126 1041 4184 oso
1066 4124 1085 4199 ἓ
1106 4127 1161 4185 33;
1181 4171 1210 4184 ..

32 4208 230 4266 Sarmatici
249 4214 534 4287 cognomentum,
553 4212 645 4287 quod
665 4232 726 4272 166
745 4205 943 4294 (6616616666)
962 4234 1055 4272 unum
1074 4214 1211 4290 idemque

31 4297 195 4356 sentientes
214 4298 288 4356 mihi
307 4345 313 4357 .
333 4345 338 4356 .
362 4303 468 4358 merito
487 4301 682 4361 tribuistis.
