2790 4930
163 211 234 274 ‘366
650 210 673 264 J.
694 209 725 263 G.
745 205 859 278 Kempf:

256 381 283 437 8.
304 379 341 437 ad
361 377 440 436 Suet.
460 379 544 436 Dom.
566 379 620 437 10:
638 372 774 439 lanceae
790 372 977 439 liutulleac:
993 375 1075 446 Quae
1088 377 1180 435 fuerit
1195 377 1249 435 illa
1264 395 1348 436 nova

165 470 261 527 forma
279 469 450 527 lancearum
468 470 521 527 aut
540 468 606 542 quis
626 467 785 527 Sallustius
804 467 959 540 LuculluS,
982 467 1065 524 nullo
1088 466 1260 525 testimonio
1282 469 1348 524 tra-

166 558 255 616 ditur.
292 557 428 616 Nominis
447 555 533 615 illum
551 557 649 633 ipsum
669 559 819 615 auctorem
837 575 896 615 non
919 555 1009 614 fuisse
1033 557 1080 615 vel
1105 554 1195 614 verbo
1218 549 1347 630 <passus

167 641 228 705 est'
255 645 444 723 perspicuum
477 648 539 720 est3
567 645 815 705 verisimillimum
845 645 939 722 igitur
970 647 1015 704 est
1041 645 1073 701 in
1103 643 1260 703 militum
1293 663 1348 703 ore

165 736 196 793 id
215 737 313 794 ortum
336 754 398 795 esse
422 753 456 794 ac
474 735 616 808 valuisse,
636 734 706 793 dum
724 735 913 793 Domitianus
931 735 1063 810 legatum
1082 733 1269 792 innocentem
1296 752 1346 791 ca·

165 824 237 900 pitis
256 824 417 883 damnaret.
446 822 582 883 Ceterum
604 824 707 883 lancea
729 826 801 883 time
824 823 943 899 quidem
961 823 1020 880 fuit
1039 822 1229 880 auxiliarium
1246 823 1348 880 telum

165 910 215 993 (cf.
246 914 293 972 Fr.
322 913 475 1083 rqohlich,
506 913 733 990 Bemerkungen
765 932 817 971 zur
844 910 965 972 militiir.
994 911 1203 989 Phraseologie
1231 911 1257 968 d.
1285 912 1346 970 Ta·

165 1003 241 1062 citus
259 1023 287 1078 p.
309 1004 372 1061 14.

256 1093 283 1150 9.
308 1091 346 1150 ad
364 1091 437 1169 Veg.
458 1094 492 1166 1,
512 1093 572 1150 17:
595 1084 884 1152 mediobarbulus:
913 1088 954 1149 Of.
971 1085 1008 1149 Ὀ.
1027 1089 1129 1149 Keller
1146 1087 1212 1148 Lat.
1231 1086 1344 1149 Vollrs-

166 1184 255 1256 etym.
273 1201 302 1255 p.
324 1182 396 1239 110.
434 1179 597 1240 Stowasser
614 1178 701 1238 Arch.
722 1179 750 1235 V
771 1178 842 1238 135.
879 1179 937 1237 Hic
960 1178 1080 1255 quidem
1103 1178 1239 1237 omnibus
1263 1178 1344 1239 diffi-

166 1269 326 1328 cultatibus
346 1270 435 1329 elusis
455 1269 607 1328 contendit
626 1271 746 1344 etymon
764 1268 848 1327 verbi
871 1286 934 1327 esse
953 1266 1098 1326 Graecum
1124 1262 1344 1342 ‘patruoudp-

166 1353 283 1433 Boloc',
301 1359 400 1434 ipsum
419 1377 481 1417 esse
499 1359 597 1417 iocum
616 1360 808 1417 castrensem:
822 1357 899 1417 sicut
912 1359 1029 1416 nostros
1043 1356 1154 1416 milites
1167 1356 1343 1431 plumbatas

165 1466 229 1507 curn
258 1448 349 1522 fabis,
377 1446 503 1506 Graecos
532 1448 691 1505 contulisse
720 1441 849 1521 βολίδας
881 1465 948 1504 cum
975 1441 1141 1520 ματτύαι(;
1173 1444 1344 1522 significare

166 1532 307 1609 ματτύαν
326 1535 405 1595 idem
424 1555 458 1596 ac
476 1538 611 1596 nostrum
624 1535 836 1610 Fleiscblrlbse3
855 1529 1074 1609 παραβάλλειν
1089 1533 1214 1608 denique
1228 1530 1346 1592 Graece

165 1625 238 1683 bene
258 1624 316 1685 dici
334 1644 388 1701 pro
408 1619 567 1701 ‘pabulum
586 1627 715 1684 sternere
723 1619 740 1681 ⁹.
778 1624 827 1682 Ad
849 1624 941 1682 istaec
964 1622 1112 1682 reicienda
1134 1622 1207 1681 haec
1229 1622 1345 1681 dixisse

166 1713 288 1773 sufficit:
306 1711 450 1773 Graecam
468 1734 569 1774 vocem
588 1705 875 1789 ματτυοπάρβολοε
893 1730 1041 1788 nusquam
1059 1710 1197 1785 traditur,
1216 1707 1346 1784 ματτύα

165 1805 265 1861 autem
291 1821 479 1879 nequaquam
503 1805 594 1863 habet
617 1822 735 1863 sensum
760 1822 778 1860 a
802 1800 966 1861 Stowasser
991 1800 1142 1859 subditum
1167 1792 1217 1881 (cf.
1237 1800 1344 1858 Fried-

164 1881 657 1969 1111111111θᾶ11.Ρα11οη.11295,
681 1892 831 1951 Heraeus:
851 1890 979 1966 Sprache
1003 1890 1053 1949 des
1077 1888 1194 1948 Petron.
1218 1908 1247 1964 p.
1271 1880 1345 1969 16),

165 1982 190 2040 si
214 1983 314 2040 autem
340 1980 477 2055 haberet,
504 1976 633 2056 Belitae
658 1981 676 2039 i.
697 2001 720 2040 e.
744 1980 893 2055 Hesychio
920 1981 996 2038 teste
1020 1973 1152 2038 ἀκόντια
1183 1972 1345 2050 λογχάρια

165 2071 248 2128 nullo
267 2069 354 2129 modo
374 2090 440 2128 cum
457 2070 569 2129 talibus
595 2065 746 2144 ματτύαιε
769 2069 901 2128 conferre
923 2068 1033 2126 liceret.
1077 2065 1190 2126 Deinde
1215 2065 1273 2125 hoc
1299 2099 1346 2106 -

164 2153 329 2234 πάρβολο(
353 2159 423 2234 quid
447 2159 610 2218 sententiae
628 2156 757 2217 habeat?
802 2157 911 2216 Utrum
927 2158 984 2216 hoc
1003 2175 1119 2233 quoque
1137 2157 1202 2215 loco
1221 2155 1261 2212 ad
1280 2156 1346 2213 vim

165 2243 325 2322 ‘pabulum
352 2243 518 2326 sternendi'
537 2250 654 2323 spectat
672 2266 710 2306 an
728 2246 807 2305 idem
826 2250 871 2306 est
890 2266 924 2304 ac
944 2241 1053 2320 βολίεβ
1090 2244 1242 2304 Postremo
1263 2244 1346 2318 qnod

165 2339 279 2396 vertere
300 2336 463 2397 Stowasser
480 2339 544 2413 ipse
558 2336 639 2397 istud
652 2335 860 2412 inexplicabile
873 2337 1039 2394 monstrum
1054 2328 1346 2407 ματτυοπάρβολο(

166 2429 288 2485 conatus
307 2446 367 2485 non
386 2429 439 2500 est,
458 2445 492 2485 eo
510 2446 603 2502 paene
622 2426 730 2502 colligo
748 2425 846 2499 ipsum
865 2443 923 2482 non
942 2423 1015 2482 satis
1034 2422 1228 2495 intellexisse,
1250 2438 1346 2496 quem

166 2534 283 2574 sensum
302 2515 330 2573 ei
348 2515 501 2574 subiceret.
522 2547 563 2555 —
583 2515 658 2573 Mihi
677 2514 796 2590 quidem
814 2512 945 2586 videtur,
968 2511 998 2569 id
1019 2511 1097 2586 quod
1116 2509 1272 2568 Turnebus
1293 2509 1347 2567 ad-

165 2622 240 2662 vers.
261 2606 311 2678 24,
332 2606 371 2662 12
392 2605 422 2662 et
440 2603 473 2662 Ο.
492 2604 606 2664 Keller:
625 2603 690 2663 Lat.
710 2603 894 2678 Volksetym.
913 2621 942 2676 p.
964 2602 1025 2659 111
1055 2602 1116 2658 iam
1144 2599 1347 2673 coniecerrmt,

166 2694 261 2751 altera
278 2711 348 2768 pars
366 2695 447 2752 vocis
465 2712 571 2753 nomen
589 2693 716 2770 piscium
735 2692 851 2770 generis
870 2709 945 2764 esse,
965 2689 1044 2765 quod
1062 2708 1169 2747 nomen
1187 2686 1347 2764 aptissime

165 2782 266 2840 Keller
291 2782 418 2857 sumpsit
441 2782 551 2842 idcirco
576 2783 686 2842 milites
711 2782 772 2840 illis
802 2780 965 2856 plumbatis
990 2777 1161 2836 ioculariter
1187 2776 1349 2850 indidisse,

167 2873 237 2946 quia
256 2890 358 2930 earum
376 2872 472 2930 forma
490 2873 619 2949 oblonga
637 2869 763 2930 fortasse
781 2871 865 2928 esset.
903 2869 948 2927 De
966 2868 1066 2943 priore
1084 2868 1169 2943 parte
1183 2865 1349 2940 compositi

166 2961 198 3017 in
216 2960 325 3019 notitia
344 2960 524 3038 dignitatum
542 2979 750 3036 nonnusquam
768 2958 916 3017 Mattiarii
934 2957 1214 3028 commemorantur,
1237 2956 1271 3011 in
1291 2973 1347 3012 no-

165 3050 235 3108 titia
267 3051 388 3109 orientis
420 3070 535 3126 semper
566 3051 726 3124 mattiarii,
761 3048 794 3105 in
826 3047 986 3106 occidentis
1017 3044 1150 3103 metiarii
1182 3035 1235 3124 (cl.
1271 3042 1347 3100 edit.

167 3131 379 3220 Seeckianam)
414 3139 518 3215 scripti
547 3130 713 3219 (mattiarii
745 3135 875 3194 iuniores
903 3154 961 3195 occ.
982 3134 1010 3190 V
1029 3135 1079 3192 83.
1109 3134 1180 3190 232.
1208 3130 1270 3187 VH
1293 3133 1346 3190 30.

167 3247 207 3285 or.
227 3227 255 3283 V
275 3230 302 3285 7.
327 3230 377 3286 47.
405 3229 551 3287 mattiarii
583 3227 711 3285 seniores
739 3243 780 3283 or.
803 3223 843 3281 VI
863 3226 890 3282 2.
915 3226 966 3282 42.
994 3222 1140 3281 mattiarii
1170 3222 1348 3279 constantes

164 3450 242 3505 locus
266 3449 360 3503 sanari
383 3448 479 3517 possit.
521 3446 682 3501 Theodesco
706 3447 781 3501 enim
803 3448 887 3502 verbo
913 3447 975 3501 ‘kot
997 3445 1074 3500 kcte’
1101 3459 1185 3496 masc.
1210 3440 1254 3494 vel
1276 3441 1346 3496 fem.

165 3537 237 3591 gen,
260 3535 456 3588 nonnusquam
478 3522 553 3573 neut.
578 3521 606 3572 et
629 3535 724 3572 casam
752 3519 923 3588 significanti
946 3516 992 3583 (cf.
1008 3515 1127 3569 Grimm:
1147 3513 1221 3566 deut.
1238 3513 1348 3567 Wb.V

165 3612 192 3661 p.
205 3597 280 3646 1882.
300 3592 405 3659 Kluge:
425 3592 507 3658 etym.
524 3591 586 3644 Wb.
607 3590 632 3645 d.
653 3591 728 3646 deut.
749 3590 823 3658 Spr.⁸
842 3608 861 3643 s.
877 3590 919 3657 l),
945 3604 1064 3656 quocum
1083 3583 1347 3655 Anglosaxonicum

168 3664 253 3731 ‘cyte’
279 3665 307 3717 et
329 3661 549 3716 Normannicum
573 3661 672 3730 ‘cytia’
689 3688 722 3707 =
738 3661 855 3726 casella,
882 3662 1033 3727 utrumque
1056 3674 1090 3711 ex
1114 3655 1212 3710 *cutia
1240 3658 1348 3721 ortum,

166 3750 340 3788 communem
358 3732 464 3787 habent
482 3733 615 3800 radicem,
633 3732 706 3786 nibil
725 3733 819 3785 obstat
838 3730 986 3800 quominus
1005 3730 1124 3782 formam
1143 3726 1314 3780 sollemnem
1330 3743 1348 3778 a

166 3805 293 3875 graviore
317 3804 404 3873 stirpe
427 3803 578 3858 deductam
602 3803 788 3859 attribuamus
812 3801 853 3856 ita
878 3805 911 3857 ut
931 3801 1062 3855 ‘cantiae'
1082 3796 1251 3853 vocabulum
1276 3796 1347 3850 Ger-

166 3876 307 3930 manicum
325 3875 369 3929 illi
388 3875 484 3929 *cutia
502 3875 673 3944 respondens
693 3890 883 3942 supponamus
907 3874 952 3941 (de
971 3871 1063 3924 verbis
1082 3870 1158 3923 idem
1176 3869 1235 3922 lere
1255 3869 1348 3937 signi-

166 3947 327 4014 ficantibus,
356 3947 405 4000 sed
428 3963 462 4000 ex
487 3947 603 4001 diversis
627 3945 771 3998 ordinibus
795 3944 890 4014 stirpis
914 3943 1005 3998 ductis
1029 3942 1059 3995 in
1083 3939 1257 3994 Germanicis
1283 3940 1347 3992 dia

166 4019 247 4072 lectis
271 4018 304 4072 cf.
324 4022 451 4073 nostrum
476 4019 577 4073 ‘brust’
598 4020 627 4070 et
653 4016 814 4070 saxonicum
839 4015 959 4081 ‘briost',
985 4013 1113 4083 ‘graben'
1139 4013 1168 4064 et
1192 4009 1297 4078 ‘grube
1312 4043 1347 4050 -

167 4090 303 4160 gruobe').
337 4090 483 4144 Sententia
510 4089 588 4142 illius
613 4087 731 4141 ‘cantia’
749 4114 783 4132 =
802 4102 868 4140 casa
890 4086 934 4138 vel
957 4084 1062 4138 casella
1084 4099 1196 4151 prorsus
1220 4082 1349 4149 quadrat

168 4162 204 4214 ad
222 4161 318 4214 vineas
336 4161 473 4215 militares
487 4157 685 4227 nominandas3
702 4159 722 4212 b
738 4160 832 4211 autem
847 4157 1015 4210 elementum
1029 4152 1346 4221 lectionis‘cautib(us)'

168 4232 207 4284 sic
227 4232 340 4299 quidem
358 4230 527 4286 existimaris
547 4229 665 4283 fortasse
688 4228 853 4297 compendio
877 4226 1054 4297 glossematis
1078 4225 1239 4289 cuiusdam,
1265 4224 1349 4276 velut

166 4310 314 4389 blarbare),
333 4320 405 4374 falso
424 4319 567 4373 intellecto
586 4318 617 4371 in
635 4318 748 4372 verbum
768 4317 899 4370 ‘centias'
916 4317 1051 4370 insertum
1069 4330 1137 4379 esse,
1158 4329 1175 4367 a
1194 4313 1223 4366 et
1241 4330 1260 4365 u
1280 4329 1349 4367 eum

167 4406 217 4461 per
236 4407 265 4445 se
284 4395 345 4447 tum
364 4407 396 4446 eo
416 4406 507 4446 errore
525 4389 601 4445 facto
621 4389 787 4445 commutari
805 4390 964 4458 potuerunt.
