2790 4930
56 294 249 352 Romanorum
269 289 403 348 sermonis
423 289 571 346 castrensis
590 288 727 359 reliquiae
747 288 881 346 collectae
900 294 929 346 et
947 289 1114 348 illustratae.
1151 287 1215 356 357

39 469 140 525 antem
166 466 270 524 sabaia
294 482 330 520 er
355 461 444 520 ordeo
463 462 512 521 vel
530 462 678 520 frumento
697 464 730 519 iu
747 460 894 536 liquorem
918 464 1066 521 conversis
1088 479 1216 538 pauper·
1238 460 1241 467 '

38 559 121 614 tinus
139 557 172 612 in
189 554 312 629 Illyriae
330 552 427 627 potus.

132 645 181 702 76.
205 643 302 700 Amm.
322 642 411 699 Maro.
431 638 519 696 XVH
539 642 567 714 9,
588 641 606 698 3
627 638 665 700 G:
684 634 826 700 Asianus
847 632 1040 700 Graeculus:
1060 640 1145 698 miles
1169 659 1217 697 er-

38 736 149 809 pensis,
175 751 250 807 quae
275 729 425 806 portabat,
451 746 597 803 nusquam
622 732 770 804 reperiens
797 719 893 787 victus
919 732 1050 787 extrema
1075 730 1217 787 minitans

38 823 191 880 lulianum
209 818 477 895 conpellationibus
499 818 666 877 incessebat
687 820 717 875 et
739 818 856 894 probris
870 817 1042 876 Asianum
1064 818 1218 894 appellans

39 911 254 970 Graeculum
273 912 303 967 et
320 908 460 967 fallacem
478 909 509 966 et
527 910 623 983 specie
642 909 807 984 sapientiae
827 907 976 965 stolidum.

432 1096 467 1162 B.
496 1097 636 1162 Maiores
658 1096 826 1179 reliquiae.

499 1250 525 1304 Ι.
550 1250 757 1305 cantilenae.

133 1375 183 1431 77.
202 1372 265 1430 Liv.
280 1370 361 1429 XLV
381 1372 432 1446 38,
453 1372 493 1428 12
512 1370 554 1430 H:
573 1371 705 1428 Militum
723 1370 844 1445 quidem
860 1372 981 1445 propria
995 1372 1040 1428 est
1055 1388 1153 1445 cansa,
1168 1374 1219 1446 qui

38 1464 71 1520 et
89 1464 148 1537 ipsi
166 1462 294 1519 laureati
313 1462 343 1518 et
361 1463 421 1519 suis
428 1453 453 1542 ¹)
477 1463 602 1536 quisque
627 1460 725 1533 donis,
744 1458 851 1535 quibus
870 1459 974 1517 donati
992 1462 1070 1534 sunt,
1088 1463 1219 1537 insignes

37 1551 226 1626 triumphum
249 1552 367 1609 uomina
393 1551 502 1609 cientes
529 1567 655 1624 suasque
682 1552 712 1606 et
736 1547 925 1624 imperatoris
952 1548 1054 1607 laudes
1080 1551 1218 1608 canentes

38 1659 94 1716 per
112 1640 216 1698 urbem
233 1640 382 1698 incedunt.

133 1730 183 1786 78.
207 1727 285 1803 App.
304 1727 377 1786 Pun.
399 1728 439 1788 66
459 1726 503 1788 M:
521 1722 541 1799 ἡ
562 1721 690 1801 ςτρατιὰ
709 1722 790 1785 κατά
808 1741 843 1784 τε
861 1720 932 1785 ἴλας
951 1722 1002 1784 καὶ
1016 1722 1119 1787 τάξεις
1134 1723 1217 1788 ἐςτε-

39 1813 218 1892 φανωμένη
241 1816 327 1876 πᾶςα
349 1813 400 1875 καὶ
424 1815 654 1890 λορυφοροῦςα
674 1811 774 1874 ..καὶ
793 1814 859 1873 τῶν
883 1809 1052 1888 ἀρχόντων
1076 1812 1133 1875 οὓς
1161 1814 1218 1891 μὲν

41 1904 242 1976 ἐπαινοῦςιν,
267 1902 323 1965 οὓς
347 1903 383 1964 δὲ
407 1899 604 1964 ςκώπτουςιν
631 1900 688 1964 οὓς
711 1901 747 1963 δὲ
770 1899 937 1976 ψέγουςιν·
966 1899 1090 1979 ἀφελὴς
1113 1896 1175 1978 νὰρ
1199 1900 1218 1964 ὁ

41 1991 196 2069 θρίαμβος
214 1991 266 2054 καὶ
286 1990 322 2053 ἐν
346 1989 471 2070 ἐξουςίᾳ
491 1987 595 2062 λέγειν
615 1987 634 2051 ὅ
653 2010 682 2052 τι
701 1989 834 2053 θέλοιεν.

135 2086 184 2144 79.
208 2083 296 2142 Dion.
316 2082 347 2139 Π
367 2082 470 2157 34,15
485 2081 513 2139 J.
533 2074 935 2162 (cleliomalitriumpbo):l1
951 2076 978 2140 δ’
990 2076 1070 2155 ἄλλη
1086 2078 1218 2158 δύναμις

39 2168 131 2252 αὐτῷ
153 2167 389 2246 παρηκολούθει
410 2216 438 2229 ..
459 2165 553 2230 θεούς
576 2186 611 2230 τε
634 2166 777 2246 ὑμνοῦςα
800 2166 945 2244 πατρίοις
969 2168 1067 2250 ᾠδαῖς
1086 2169 1138 2231 καὶ
1160 2169 1218 2232 τὸν

37 2257 185 2334 ἡγεμόνα
203 2256 396 2320 cocciacum
414 2255 583 2333 ποιήμαςιν
603 2255 827 2334 αὐτοςχεδὶοις.
865 2261 900 2332 cf.
918 2261 946 2335 7,
963 2262 1013 2334 72,
1030 2262 1101 2318 10.·

133 2351 184 2408 80.
214 2348 457 2424 Lin.[[129,5
479 2348 508 2405 Z.
534 2341 576 2429 (a.
596 2348 661 2408 458
680 2369 707 2409 u.
729 2341 828 2428 Ululz
854 2350 959 2423 epulae
986 2350 1149 2407 instructae
1175 2350 1219 2409 di·

37 2440 150 2497 cuntur
168 2439 257 2496 fuisse
276 2440 345 2496 autc
364 2440 496 2495 omnium
514 2437 616 2497 domos
640 2437 852 2515 epulantesque
876 2457 943 2495 cum
966 2440 1095 2497 carmine
1114 2440 1219 2499 trium·

36 2527 125 2604 phali
144 2529 174 2585 et
192 2527 384 2586 sollemnibus
402 2529 475 2585 iocis
494 2530 702 2587 comisantium
720 2526 809 2586 modo
829 2547 947 2585 currum
966 2529 1060 2586 secuti
1079 2530 1155 2586 suut.

132 2617 183 2673 81.
207 2615 271 2674 Lir.
290 2614 333 2672 IV
354 2618 408 2690 20,
429 2618 447 2673 2
468 2616 498 2673 Z.
524 2609 565 2696 (α.
586 2619 651 2674 437
671 2635 697 2675 α.
720 2608 815 2696 Otr.):
848 2619 879 2673 in
903 2636 971 2674 eum
1003 2607 1066 2698 (sel.
1096 2615 1219 2676 Cossum

35 2705 136 2779 spolio
163 2706 261 2778 opima
288 2704 440 2763 Telecoonta
467 2707 528 2778 recl
555 2706 684 2763 detracta
700 2696 857 2786 suentem)
880 2706 995 2763 milites>
1011 2700 1148 2764 'cannina
1173 2709 1219 2764 in·

35 2793 162 2852 condita
181 2796 376 2868 aequantes
395 2812 471 2852 eum
490 2793 640 2852 Romulo
660 2811 794 2852 canere.

133 2883 182 2939 aa.
207 2880 271 2939 mv.
290 2880 333 2938 IV
354 2883 409 2956 53,
429 2885 468 2940 11
491 2882 521 2940 n.
545 2875 586 2963 (a.
607 2884 672 2940 410
692 2902 718 2941 o.
740 2873 835 2962 carl:
859 2901 926 2941 cum
945 2928 951 2941 .
967 2928 974 2941 .
993 2883 1096 2942 urbam
1125 2889 1217 2944 ovans

35 2971 191 3044 introiret,
217 2970 339 3032 alternis
369 2971 514 3030 inconditi
540 2988 641 3030 versus
666 2971 792 3028 militari
819 2970 940 3029 licentia
965 2972 1083 3047 iactati,
1112 2973 1218 3048 quibus

37 3059 144 3118 consul
166 3060 342 3135 increpitus,
369 3060 498 3119 Menenii
523 3060 636 3134 celebre
660 3079 766 3119 nomen
784 3060 922 3119 laudibus
946 3060 1012 3119 fist.
1053 3060 1129 3135 §13
1150 3064 1218 3138 plus

35 3167 77 3207 ea
101 3166 147 3206 res
173 3140 235 3228 (sel.
262 3150 426 3222 applausus
451 3151 664 3209 circumstantis
682 3141 801 3229 populi)
830 3169 919 3224 quam
946 3168 1038 3226 prope
1067 3151 1217 3210 sollemnis

32 3237 171 3296 militum
189 3237 314 3296 lascivia
332 3238 364 3294 iu
384 3238 534 3297 cousrrlem
552 3257 639 3298 curae
658 3240 794 3314 patribus
813 3239 924 3298 iniecit.

131 3327 182 3383 83.
201 3324 266 3384 Liv.
285 3325 314 3381 V
333 3328 389 3400 49,
410 3330 428 3385 7
449 3327 478 3385 Z.
499 3320 540 3409 (u.
560 3330 625 3387 390
645 3347 672 3387 a.
694 3320 788 3408 duab
813 3328 952 3387 Dictator
976 3320 1038 3408 (sel.
1060 3320 1216 3410 Camillus)

32 3413 207 3489 reciperata
234 3433 269 3473 ex
296 3414 431 3474 hostibus
460 3417 559 3493 patria
586 3417 773 3493 triumphans
800 3420 840 3492 in
855 3418 959 3475 urbem
981 3417 1059 3476 redit
1081 3415 1217 3494 interque

32 3508 121 3563 iocos
153 3503 312 3578 militares,
344 3522 420 3580 quos
451 3506 618 3565 inconditos
649 3506 776 3579 iaciunt,
808 3506 979 3564 Romulus
1012 3525 1054 3565 ac
1085 3526 1217 3583 parens

32 3592 185 3668 patriae
211 3593 449 3670 conditorque
476 3596 569 3653 alter
594 3595 692 3653 urbis
714 3594 795 3651 haud
813 3596 898 3654 vanis
921 3595 1060 3654 laudibus
1084 3596 1215 3672 appella-

31 3683 138 3740 batur.

131 3769 182 3827 84.
206 3768 270 3827 Liv.
289 3768 349 3827 Vll
370 3772 420 3845 10,
441 3772 480 3830 13
503 3772 532 3829 Z.
552 3763 594 3851 (a.
614 3774 679 3831 361
699 3790 726 3831 α,
747 3764 845 3851 Chul:
865 3771 948 3831 Inter
967 3775 1131 3831 carminum
1149 3793 1215 3849 prc-

31 3857 200 3935 pemcdum
224 3859 378 3918 incondita
402 3860 549 3934 quaedam
574 3862 746 3920 militariter
771 3861 936 3921 ioculantes
962 3862 1144 3937 Torquati
1170 3881 1216 3921 co-

32 3964 169 4024 gnomen
188 3946 332 4006 auditum.

131 4035 181 4092 85.
205 4033 269 4094 Lis.
288 4035 348 4094 VH
374 4039 428 4112 17,
453 4038 471 4095 5
497 4037 527 4095 Z.
553 4029 594 4117 (o.
615 4037 680 4096 357
704 4056 730 4097 α.
758 4031 852 4120 Obr.):
878 4039 1004 4098 victores
1029 4038 1216 4097 reverterunt

30 4123 219 4183 militaribus
237 4124 310 4184 iocis
331 4143 397 4184 cum
417 4128 595 4201 apparatum
613 4127 744 4186 hostium
762 4129 827 4187 tum
850 4146 936 4186 suum
959 4127 1145 4204 increpantes
1164 4149 1215 4204 pa·

31 4232 149 4274 vorem.
196 4268 199 4272 s

130 4302 181 4359 86.
205 4300 269 4360 Liv.
288 4302 348 4360 VH
367 4304 423 4377 38,
439 4304 457 4362 3
474 4304 504 4363 Z.
524 4296 564 4387 (a.
581 4308 646 4364 343
661 4325 687 4364 α.
704 4297 800 4386 Ολν.);
820 4303 961 4364 Consules
980 4305 1066 4364 ambo
1082 4306 1118 4363 de
1133 4304 1215 4364 Sam-

132 4490 157 4555 1)
177 4487 234 4540 suis
254 4489 373 4560 Medeae
389 4491 456 4545 ‘aaa

92 4584 173 4627 Jahrb.
188 4586 205 4627 i.
219 4587 285 4628 class.
299 4589 383 4629 Plrilol¹
412 4590 492 4638 suppl.
505 4590 548 4631 Bd.
561 4591 646 4632 XXVI.
969 4589 1003 4634 24
