2790 4930
193 284 259 355 360
675 289 700 343 J.
720 290 752 343 c.
771 289 885 360 nempe:

287 461 358 518 100.
381 459 487 518 lncert.
512 478 616 536 paneg.
646 462 679 532 9,
704 460 743 517 18
768 459 801 517 B.
827 451 938 541 (ectr.):
961 460 1090 535 Reperio
1115 505 1142 516 ..
1168 462 1198 519 et
1220 461 1378 520 trucidato

194 566 316 624 corpore
335 541 397 629 (sol.
416 540 577 629 Moccotii)
594 550 750 606 universus
768 549 800 606 in
819 548 928 625 gaudia
947 552 978 606 et
991 549 1155 608 vindictam
1169 551 1303 625 populus
1319 550 1378 609 Ro·

192 657 298 696 manus
317 639 436 712 exarsit,
454 657 508 697 nec
526 637 655 695 desitum
673 638 738 695 tcta
756 638 842 712 urbe,
866 657 925 713 qua
943 637 1082 696 suffixum
1101 639 1189 696 hasta
1211 638 1379 713 ferebatur,

194 729 284 803 caput
309 727 385 785 illud
410 727 561 802 piaculare
586 726 714 801 foedari,
738 745 804 784 cum
827 727 961 801 interim,
984 728 1023 785 ut
1046 730 1130 785 sunt
1151 730 1221 785 ioci
1240 730 1377 786 trium-

191 816 334 892 phales,
356 816 503 875 rideretur
521 816 667 893 gestantis
685 816 805 890 iniuria,
824 835 891 874 curn
910 816 1000 874 alieni
1025 818 1132 892 capitis
1156 818 1264 875 merita
1290 818 1377 892 pate·

191 907 352 1053 reim¹101.
379 994 441 1053 Zea
457 993 503 1051 ΙΠ
518 996 547 1068 4,
563 996 581 1052 2
596 994 640 1054 M:
663 986 818 1074 (Iulianus
825 998 895 1068 post
902 1012 1038 1068 ρπριιαιιι
1053 996 1133 1068 opud
1143 992 1377 1068 Argentoratum

192 1074 389 1163 εοιιιιιιίεοαιιι)
409 1077 556 1157 ἀπήγαγε
580 1079 647 1141 τὸν
666 1080 833 1157 ςτρατὸν
857 1079 892 1142 ἐν
916 1085 954 1162 τῇ
979 1079 1079 1161 οἰκείᾳ
1102 1080 1376 1145 παιωνίζοντα

191 1169 253 1276 ἐπὶ
272 1171 355 1232 ταῖς
374 1168 495 1231 νίκαις
515 1167 760 1246 ἀνυμνοῦντόι
785 1188 824 1232 τε
850 1168 894 1231 τὰ
913 1172 980 1232 τοῦ
1001 1169 1185 1246 Καίςαρος
1209 1190 1375 1247 ςτρατη-

190 1277 355 1408 illim&
378 1347 475 1408 Amm.
495 1351 585 1409 Marc.
605 1349 691 1407 XXII
710 1352 744 1424 4,
769 1351 787 1408 ό
813 1349 853 1411 G:
879 1368 1026 1409 accessere
1051 1351 1167 1428 flagitia
1193 1351 1374 1427 disciplinae

192 1440 364 1610 castrenslip,
389 1458 456 1497 cum
481 1439 586 1497 miles
610 1440 813 1498 cantilenas
839 1440 1034 1498 meditaretur
1057 1459 1122 1515 pro
1147 1432 1263 1522 iufbilo
1285 1443 1373 1501 mol·

192 1527 312 1587 liores.

571 1675 616 1732 II.
640 1676 740 1730 Dicta
762 1675 980 1731 collectanea.

282 1798 353 1855 103.
378 1794 456 1854 Plut.
477 1794 549 1853 Sull.
572 1797 612 1853 18
639 1787 738 1878 (ectr.)
765 1795 803 1857 S:
829 1792 1109 1870 προτεταγμένους
1125 1842 1130 1851 .
1146 1792 1289 1869 ,ἑώρων
1311 1796 1373 1855 τῶν

190 1880 355 1959 πολεμίων
381 1880 511 1957 μυρίους
537 1881 588 1943 καὶ
613 1882 885 1958 πεντακιςχιλίους
913 1880 1127 1958 θεράποντας,
1158 1881 1214 1943 οὓς
1243 1881 1280 1943 ἐκ
1310 1886 1372 1944 τῶν

193 1971 324 2033 πόλεων
349 1968 541 2046 κηρύγμαςιν
570 1969 814 2047 ἐλευθεροῦντες
841 1969 871 2034 οἱ
903 1969 1054 2047 βαςιλέως
1080 1965 1142 2053 (sol.
1169 1967 1372 2053 Mithridatis)

193 2058 363 2145 ςτρατηγοὶ
388 2059 595 2135 κατελόχιζον
621 2057 665 2121 εἰς
690 2059 767 2122 τοὺς
792 2058 934 2122 ὁπλίτας.
977 2059 1027 2121 καί
1059 2078 1106 2121 τις
1132 2058 1386 2137 ἑκατοντάρχηιλ

194 2148 319 2222 λέγεται
349 2146 510 2224 Ῥωμαῖος
541 2145 642 2210 εἰπεῖν
675 2147 719 2210 ὡς
746 2148 786 2210 ἐν
813 2147 987 2225 Κρονίοις
1013 2147 1132 2224 μόνον
1158 2146 1282 2224 εἰδείη
1313 2152 1371 2224 τῆς

188 2234 401 2314 παῤῥηςίας
420 2235 586 2299 δούλους
605 2236 846 2313 μετέχοντας.

282 2331 353 2387 104.
379 2327 461 2387 Caes.
476 2329 503 2386 b.
520 2327 552 2386 G.
568 2329 584 2386 I
598 2330 650 2403 42,
666 2329 683 2386 5
699 2329 760 2389 Kc:
777 2327 885 2387 Caesar
898 2321 960 2409 (sol.
977 2330 1017 2387 od
1031 2329 1203 2401 colloquium
1217 2326 1369 2389 Ariovislo

186 2420 365 2492 promissam
374 2410 576 2498 profecturus)
587 2463 593 2475 .
605 2462 610 2474 .
621 2418 892 2477 commodissimum
907 2420 1019 2477 statuit
1028 2417 1165 2476 omnibus
1175 2419 1262 2493 equis
1274 2417 1369 2477 Gallis

190 2507 340 2582 equitibus
366 2507 507 2564 detractis
534 2525 568 2564 eo
595 2506 773 2584 legionarios
803 2509 914 2566 milites
940 2508 1065 2584 legionis
1096 2507 1227 2565 decimae
1257 2553 1289 2565 ..
1322 2512 1369 2566 inr-

189 2614 310 2671 ponere‚
336 2597 371 2652 ut
392 2585 574 2669 praesidinm
601 2614 692 2670 quam
720 2598 932 2656 amicissimum
954 2642 982 2653 ..
1004 2595 1133 2654 haberet.
1188 2595 1278 2665 Quod
1310 2616 1371 2654 curn

188 2683 281 2757 fieret,
299 2703 359 2741 uon
372 2684 528 2743 inridicule
547 2684 669 2760 quidam
688 2705 722 2743 ex
736 2685 882 2744 militibus
901 2685 1032 2744 decimae
1051 2685 1175 2761 legionis
1190 2684 1287 2746 dixit:
1308 2686 1371 2760 plus

189 2791 280 2848 quam
307 2773 459 2848 pollicitus
487 2776 564 2832 esset
593 2772 746 2833 Caesarem
774 2775 883 2836 facere:
915 2775 1083 2850 pollicitum
1116 2792 1145 2832 se
1173 2775 1205 2830 in
1235 2775 1370 2832 cohortis

188 2863 355 2937 praetoriae
369 2862 434 2920 loco
449 2862 594 2921 decimam
608 2862 755 2940 legionem
768 2862 941 2922 habiturum
960 2864 1002 2921 ad
1018 2882 1084 2939 equ
1091 2883 1144 2920 um
1162 2863 1370 2922 rescribere

205 2952 240 3023 cf.
262 2953 314 3025 ro,
335 2953 399 3009 14.

190 2943 204 3031 (
280 3040 352 3098 105.
376 2942 458 3099 ilaec.
477 3041 505 3098 b.
521 3060 544 3100 c.
559 3041 606 3098 ΙΠ
620 3042 672 3117 49,
693 3044 709 3098 1
730 3042 792 3100 Kc:
812 3034 903 3122 (Oura
916 3041 998 3114 opecd
1011 3040 1214 3099 Durrachium
1228 3039 1370 3100 Caesare

187 3130 292 3188 milites
309 3131 411 3203 ιἰιαρία
429 3121 645 3210 promereatur)
664 3129 826 3188 crebrae..
846 3148 932 3189 voces
955 3129 1086 3187 militnm
1111 3128 1142 3186 in
1161 3129 1281 3205 vigiliis
1308 3149 1369 3189 con-

188 3217 355 3293 loquiisque
381 3218 579 3277 audiebantur
603 3219 687 3292 prius
712 3236 747 3276 se
771 3218 906 3277 cortice
930 3238 968 3277 ex
988 3216 1181 3276 arboribus
1201 3217 1369 3277 victuros

190 3327 292 3382 quam
311 3307 521 3383 Pompeium
544 3325 560 3363 e
583 3307 746 3365 manibus
770 3307 992 3366 dimissuros.
1018 3308 1053 3379 cf.
1073 3306 1151 3364 Plut.
1173 3304 1259 3364 Caes.
1281 3300 1369 3389 (incl

189 3397 229 3456 39
251 3396 284 3456 S:
313 3391 402 3469 ῥίζαν
423 3390 494 3453 τινὰ
517 3391 692 3455 κόπτοντες
716 3391 747 3455 οἱ
766 3396 952 3470 ςτρατιιίιται
971 3392 1022 3454 καὶ
1041 3390 1174 3466 γάλακτι
1198 3395 1369 3468 φυρῶντες

188 3479 441 3559 προςεφέροντο.
480 3479 529 3542 καί
556 3500 636 3544 ποτε
662 3481 713 3544 καὶ
739 3480 971 3545 διαπλάςαντες
997 3480 1029 3545 ἐξ
1049 3480 1146 3558 αὐτῆς
1172 3477 1297 3557 ἄρτους
1324 3482 1368 3544 καὶ

188 3573 257 3633 ταῖς
275 3572 500 3648 προφυλακαῖς
523 3572 589 3633 τῶν
614 3570 779 3647 πολεμίων
803 3570 1032 3648 ἐπιδραμόντες
1058 3568 1196 3647 ἔβαλλον
1222 3566 1304 3632 εἴςιιι
1326 3572 1368 3633 καὶ

188 3656 392 3736 διερρίπτουν
417 3658 621 3734 ἐπιλέγοντες
645 3659 689 3722 ὡς
713 3657 799 3736 ἄχρι
826 3657 870 3722 ἂν
892 3658 912 3736 ἡ
939 3663 983 3735 γῆ
1010 3657 1192 3721 τοιαύτας
1219 3656 1368 3737 ἐκφέρῃ

188 3745 293 3824 ῥίζας
312 3746 356 3810 oo
376 3746 587 3810 παιίςονται
607 3748 909 3824 πολιορκοῦντες
928 3747 1140 3824 Πομπήιον.

281 3838 352 3898 106.
376 3838 453 3914 App.
473 3839 500 3896 b.
520 3858 542 3896 c.
562 3839 610 3896 III
630 3840 670 3897 26
691 3831 792 3921 (med.)
819 3839 863 3901 M:
887 3836 1067 3913 Τρεβώνιος
1086 3837 1122 3898 δέ
1141 3837 1209 3898 τοῖς
1229 3838 1365 3913 ςυλλαμ·

189 3923 338 4002 βάνουςιν
358 3923 458 3987 αὐτὸν
482 3923 527 3986 ἐτι
552 3923 768 4000 εὐναζόμενον
790 3924 931 4010 ἡγεῖςθαι
955 3924 1036 4002 πρὸς
1060 3922 1279 4001 Δολοβέλλαν
1306 3925 1365 3988 ἐκέ·

189 4014 295 4076 λευεν·
329 4011 461 4089 ἕψεςθαι
492 4012 553 4089 γὰρ
581 4012 690 4076 αὐτοῖς
717 4012 807 4077 ἑκών.
846 4012 896 4076 καί
922 4032 968 4075 τις
993 4015 1059 4075 τῶν
1086 4014 1239 4089 λοχαγῶν
1269 4014 1364 4077 αὐτὸν

189 4101 398 4164 ἐπιςκώπτων
412 4101 572 4179 ἠμείψατο
587 4099 650 4164 ‘iti
666 4101 714 4177 τό,
731 4105 847 4179 δεῦρο
861 4102 929 4180 τὴν
944 4101 1116 4179 κεφαλὴν
1131 4103 1364 4166 καταλιπών·

187 4189 278 4267 ἡμῖν
297 4190 366 4267 γὰρ
387 4191 431 4253 οὐ
451 4191 501 4264 ςέ,
528 4189 624 4253 ἀλλὰ
649 4192 717 4268 τὴν
740 4191 914 4268 κεφαλὴν
939 4188 1047 4264 ἄγειν
1070 4187 1365 4267 προςτέτακται’

187 4279 239 4342 καὶ
258 4280 333 4343 τόδε
354 4277 453 4342 εἰπὼν
473 4279 566 4343 εὐθὺς
586 4277 723 4357 ἀπέτεμε
742 4280 801 4356 τὴν
821 4280 974 4358 κεφαλὴν.

281 4474 306 4540 1)
325 4470 466 4526 molliores
485 4472 524 4524 erl.
547 4470 672 4538 Gclcoii,
689 4470 818 4525 meliores
837 4471 917 4525 ceteri
934 4469 1010 4524 codd.
1030 4477 1054 4524 ct
1073 4470 1131 4524 cdd.
