2790 4930
172 249 197 305 J.
217 249 249 306 G.
268 247 383 321 Kempf:
403 217 592 309 Romanorum
611 247 746 305 sermonis
765 246 915 304 castrensis
934 245 1078 319 reliquiae.
1153 246 1217 313 343

47 421 200 498 studioque
226 421 299 479 artis
323 419 535 498 grammaticae
555 422 624 478 sunt
642 420 714 494 orti,
738 419 789 478 sed
808 436 863 477 usu
882 421 972 494 atque
992 408 1218 478 necessitatibus

47 511 110 569 fori.
151 510 240 568 Vero*
254 512 403 568 enimvero
422 508 554 586 vulgaris
573 511 716 568 sermonis
739 510 792 567 aut
815 510 921 566 saltem
944 510 1039 583 partis
1063 511 1125 567 eius
1151 526 1218 584 pro-

46 601 185 675 prietates
210 601 382 674 conquirere
406 601 437 655 11
460 600 621 675 explicare,
646 596 678 656 id
700 616 786 656 nemo
811 597 932 656 illorum
957 599 1220 675 grammaticorum

47 687 159 748 studuit
178 689 231 746 aut
245 689 397 765 cogitavit.
431 685 604 763 Quicunque
623 689 717 763 igitur
736 686 880 746 eiusmodi
898 704 944 744 res
963 688 995 744 in
1015 686 1220 762 quaestionem

5 812 21 851 .·
46 780 203 838 vocatmus
222 780 276 850 est,
295 794 362 834 oum
375 776 471 834 multo
486 776 587 834 labore
601 778 702 852 parvis
716 776 814 835 usuris
828 776 984 852 plerosque
998 777 1113 834 veteres
1128 777 1220 851 scrip-

46 870 133 941 tores,
153 869 178 925 si
196 883 243 924 res
261 866 403 941 postulat,
428 867 519 924 etiam
533 865 756 941 inscriptiones,
778 866 979 942 pervestigare
1003 863 1092 923 debet
1109 866 1163 938 ita,
1186 866 1221 921 ut

45 975 114 1014 rara
137 955 279 1029 frustula,
303 973 379 1031 quae
399 954 507 1030 aliquis
532 957 636 1013 auctor
664 951 763 1013 ardori
790 953 958 1029 quaerentis
986 955 1144 1027 concessit,
1172 952 1220 1011 de·

45 1037 232 1120 prehendat.1

134 1131 197 1201 Quo
212 1037 379 1191 idumeae
394 1131 467 1191 baec
481 1135 526 1191 est
539 1131 675 1193 habenda
690 1134 839 1208 quaestio:
858 1131 1061 1191 Romanorum
1076 1132 1218 1190 sermonis

45 1223 203 1281 castrensis
223 1221 367 1297 reliquiae
387 1221 567 1298 colligantur
585 1224 615 1279 11
633 1222 828 1281 illustrentur.

135 1309 167 1369 Si
186 1310 341 1369 eonsilium
360 1311 401 1368 sit
419 1312 514 1368 totam
532 1309 690 1370 verborum
713 1312 743 1368 et
766 1311 951 1369 locutionum
973 1311 1104 1385 copiam,
1131 1326 1221 1384 quam

45 1400 173 1457 Romani
197 1400 229 1457 in
253 1401 316 1458 arte
339 1399 463 1457 militari
488 1401 597 1457 mirum
621 1401 767 1474 quantum
791 1401 872 1457 omni
891 1417 997 1475 genere
1016 1415 1035 1456 a
1054 1415 1085 1454 se
1104 1397 1222 1456 exculta

44 1488 238 1564 usurpabant,
253 1484 392 1564 colligere
402 1487 535 1564 digerere
549 1488 710 1562 illustrare,
723 1506 783 1546 non
798 1487 895 1545 dicam
910 1506 983 1561 eam,
999 1505 1089 1562 quam
1101 1488 1221 1545 omnino

45 1578 213 1654 scriptores,
232 1578 318 1635 sires
332 1576 478 1634 militares
493 1575 690 1653 attingebant,
710 1576 848 1635 adhibere
863 1577 944 1634 soliti
964 1577 1043 1648 sunt,
1061 1574 1113 1633 sed
1126 1574 1219 1648 illam,

44 1685 107 1741 qua
131 1666 277 1724 militares
304 1667 336 1722 in
363 1664 474 1722 militia
501 1664 661 1723 utebantur
691 1661 770 1741 (dico
797 1666 940 1722 terminos
969 1663 1119 1722 teehnieos
1149 1681 1221 1739 quos

45 1746 182 1835 vocant),
210 1753 240 1811 id
271 1757 336 1812 tum
359 1753 478 1812 demum
503 1755 650 1829 suscipere
675 1754 778 1828 liceat,
806 1772 873 1811 cum
895 1752 1059 1830 singulares
1089 1752 1166 1811 hanc
1190 1754 1222 1809 in

43 1843 224 1902 sententiam
245 1845 379 1901 auctores
404 1845 517 1902 excussi
541 1844 637 1917 erunt,
660 1842 762 1918 quales
784 1845 854 1901 sunt
872 1841 1095 1901 dissertationes
1111 1840 1222 1917 Kamp-

43 1933 160 1990 manni:
183 1948 230 1990 res
248 1931 394 1990 militares
409 1930 510 1990 Plauti
518 1930 720 1990 Vratislariae
733 1931 816 1989 1839
837 1949 935 2008 progr.
950 1922 1001 2011 (cf.
1018 1931 1109 1989 etiam
1125 1928 1222 1989 David

45 2020 193 2095 Wollner,
216 2020 272 2097 Die
297 2020 351 2078 auf
373 2019 426 2078 das
449 2019 654 2098 Kriegswesen
672 2019 862 2097 beziiglichen
888 2019 1000 2077 Stellen
1025 2019 1073 2078 bei
1095 2018 1222 2095 Plautus

43 2109 107 2166 und
127 2108 268 2167 Τ111111Ι
286 2107 411 2167 Landau
427 2104 565 2187 1891J92
581 2101 697 2190 progr.)¹
710 2108 861 2168 Francisoi
874 2108 1045 2167 Froehlich:
1066 2109 1124 2166 Zur
1142 2107 1219 2166 mili-

43 2197 195 2257 tarischen
227 2196 436 2274 Phraseologie
468 2197 518 2257 des
550 2198 670 2257 Tacitus
701 2197 800 2256 Aarau
826 2198 910 2256 1896
940 2215 1052 2275 progr,
1080 2197 1129 2257 vel
1156 2216 1224 2255 cum

43 2287 209 2344 latinorum
233 2289 319 2363 copia
344 2286 502 2345 verborum
526 2305 603 2347 novo
629 2287 769 2346 thesauro
795 2287 919 2346 collecta
945 2286 1009 2345 erit.
1056 2285 1171 2344 Deinde
1196 2286 1222 2344 is

43 2393 106 2432 non
126 2377 189 2432 tam
208 2377 365 2434 cestrensis
385 2394 475 2452 quam
493 2376 633 2435 militaris
653 2394 748 2436 sermo
767 2377 876 2436 rectius
897 2375 1064 2452 appelletur
1079 2366 1130 2455 (cf
1146 2393 1221 2451 quae

42 2463 137 2522 verba
157 2461 269 2522 Gellius
288 2464 307 2522 l
323 2464 342 2523 l.
361 2465 507 2524 militaria
524 2457 681 2546 nominet.)
724 2464 911 2525 Castreusem
935 2467 1034 2523 autem
1058 2481 1223 2522 sermonem

43 2571 115 2610 eum
136 2551 322 2611 intellectum
344 2553 448 2627 velim,
476 2573 564 2629 quem
591 2554 777 2629 comprobari
801 2556 855 2613 aut
879 2554 986 2613 saltem
1009 2552 1066 2611 fide
1093 2552 1223 2629 quadam

43 2640 142 2699 conici
160 2643 258 2716 potest
276 2641 430 2718 gregarius
449 2641 560 2699 miles
552 2659 616 2717 1pse
636 2641 693 2700 sibi
711 2644 854 2702 formasse
873 2642 921 2701 vel
940 2659 1106 2717 usurpasse,
1124 2642 1169 2700 ita
1189 2643 1224 2698 ut

43 2729 84 2787 ab
102 2730 149 2803 iis,
168 2730 220 2804 qui
239 2730 388 2788 communi
402 2728 531 2789 sermoni
545 2729 713 2804 studebant,
732 2731 845 2790 alienus
860 2749 895 2790 ac
908 2731 1039 2790 militum
1053 2729 1141 2789 modo
1155 2749 1222 2806 pro-

41 2818 129 2894 prius
149 2835 211 2876 esse
230 2821 389 2876 sentiretur
407 2818 533 2894 ideoque
552 2817 708 2878 evitandus
725 2822 891 2893 putaretur.
929 2818 1025 2888 Quam
1047 2821 1080 2877 in
1107 2821 1222 2878 senten-

42 2909 121 2964 tiam
139 2905 216 2964 Plin.
236 2927 264 2964 n.
283 2906 310 2964 h.
326 2907 418 2982 praef.
446 2910 461 2965 1
484 2907 557 2966 dicit
576 2901 823 2966 ‘conterraneum'
842 2926 944 2968 vocem
963 2926 1025 2968 1111
1045 2911 1224 2968 castrensem

42 2995 93 3054 vel
112 2992 359 3070 (redamare,
370 2999 399 3071 2,
415 2998 433 3055 9
454 2990 600 3072 ‘copiari’,
620 2997 763 3055 11111111
782 2995 854 3055 Suet
873 2994 1222 3056 (11191111111111111.

136 3081 201 3151 Quo
224 3084 255 3141 in
279 3104 385 3162 genere
408 3085 472 3144 fieri
498 3087 611 3162 potest,
636 3087 671 3143 ut
693 3103 778 3145 11111
803 3087 893 3144 antea
917 3089 1065 3144 communi
1088 3104 1221 3144 sermone

40 3279 105 3320 non
133 3259 345 3320 adhibeantur:
373 3263 449 3321 talia
470 3263 561 3322 verba
589 3283 656 3323 cum
677 3264 841 3341 posteriore
867 3264 966 3322 aetate
989 3264 1150 3322 castrensia
1171 3264 1222 3321 'in-

40 3349 167 3407 tellecta
190 3349 264 3423 sint,
293 3348 331 3407 ad
357 3349 434 3409 hane
457 3354 660 3426 quaestionem
687 3354 842 3412 relerenda
870 3371 932 3412 esse
960 3354 1042 3429 puto.
1079 3352 1223 3410 Nonnun-

41 3456 137 3513 quam
155 3456 225 3497 1111
244 3437 364 3497 difficile
383 3439 465 3497 factu
488 3440 533 3498 est
556 3439 732 3516 discernere,
754 3445 856 3500 utrum
879 3442 981 3517 aliqua
999 3460 1056 3501 vox
1078 3440 1223 3500 terminus

40 3527 85 3585 sit
99 3525 252 3585 1111111111
272 3545 310 3584 11
329 3528 485 3587 castrensis
504 3528 625 3602 locutio,
644 3532 818 3603 praesertim
837 3549 904 3589 cum
923 3530 1055 3589 accidere
1070 3532 1174 3605 possit,
1189 3532 1223 3587 ut

39 3613 223 3673 vocabulum
246 3616 343 3690 primo
367 3636 385 3675 a
407 3615 552 3676 militibus
577 3617 776 3694 excogitatum
799 3619 847 3677 vel
870 3621 1047 3694 usurpatum
1069 3622 1221 3693 postremo
1302 3676 1304 3680 ,

39 3705 190 3761 terminus
218 3702 284 3762 fiat:
311 3704 366 3763 hoc
394 3705 514 3781 quidem
542 3705 675 3781 afferam,
703 3707 755 3766 sed
782 3724 841 3766 nou
870 3707 1021 3781 omittam,
1050 3709 1122 3782 quin
1149 3708 1222 3783 quid

40 3791 219 3870 ambiguum
242 3793 295 3868 sit,
318 3792 434 3853 addam.
472 3793 642 3855 cantilenas
666 3797 765 3855 autem
789 3796 993 3874 gregariorum
1017 3797 1148 3855 militum
1167 3796 1224 3855 hae

39 3998 73 4049 in
98 3997 169 4065 ipsis
193 3996 310 4050 aedibus
333 4013 424 4066 neque
446 4000 555 4067 partem
574 3999 700 4067 aedium,
722 4001 772 4054 sed
789 4000 883 4054 locum
902 4001 1104 4055 ante1anuam
1123 4000 1222 4056 domus

39 4083 177 4135 vacuum,
200 4084 357 4136 perquem
380 4083 398 4120 1
420 4069 466 4122 111
485 4070 579 4123 aditus
599 4085 782 4140 accessusque
806 4072 843 4125 ad
867 4072 944 4126 aedis
966 4075 1017 4139 est,
1042 4090 1105 4126 cum
1123 4072 1223 4128 dextra

40 4138 243 4221 sinistraque
234 4154 349 4192 ranuam
367 4141 499 4208 tectaque
522 4142 672 4196 11111111
698 4142 795 4199 iuncta
819 4142 936 4211 atque
927 4159 991 4211 ipsa
1013 4142 1100 4196 ianua
1124 4144 1223 4212 procul

40 4225 61 4262 a
84 4209 133 4262 via
155 4213 198 4263 est
226 4225 292 4263 area
318 4211 431 4265 vacanti
458 4212 607 4268 intersita'
729 4216 754 4284 l)
777 4213 960 4267 Putaveris'
952 4214 987 4267 ris
1016 4214 1117 4268 saltem
1144 4214 1222 4283 loeis,

39 4280 148 4351 quibus
167 4281 202 4333 de
221 4281 385 4335 soloecismo
404 4282 579 4337 barbarismo
600 4285 659 4338 sim.
681 4285 791 4350 dicunt,
820 4285 1019 4353 grammatices
1043 4286 1115 4339 talia
1138 4287 1224 4340 verba

38 4346 202 4475 {castrensia
225 4352 381 4421 addidisse,
410 4354 460 4406 sed
482 4372 570 4407 unum
592 4356 658 4409 inde
680 4356 763 4410 hausi
786 4354 965 4414 vocabulum:
989 4375 1013 4410 v
1032 4375 1059 4426 p.
1085 4363 1136 4411 313
1163 4359 1224 4426 ga-

53 4424 147 4476 carra'

956 4517 1009 4568 23*
